% ГОСТ Р 7.0.11-2011, Приложение Б, Книги
@article{IceCube_2018_2,
	title={Multimessenger observations of a flaring blazar coincident with high-energy neutrino IceCube-170922A},
	volume={361},
	ISSN={1095-9203},
	url={http://dx.doi.org/10.1126/science.aat1378},
	DOI={10.1126/science.aat1378},
	number={6398},
	journal={Science},
	publisher={American Association for the Advancement of Science (AAAS)},
	author={Aartsen, Mark and Ackermann, Markus and Adams, Jenni and Aguilar, Juan Antonio and Ahlers, Markus and Ahrens, Maryon and Al Samarai, Imen and Altmann, David and Andeen, Karen and Anderson, Tyler and Ansseau, Isabelle and Anton, Gisela and Argüelles, Carlos and Auffenberg, Jan and Axani, Spencer and Bagherpour, Hadis and Bai, Xinhua and Barron, Jared and Barwick, Steve and Baum, Volker and Bay, Ryan and Beatty, James and Becker, Karl Heinz and Tjus, Julia and BenZvi, Segev and Berley, David and Bernardini, Elisa and Besson, David and Binder, Gary and Bindig, Daniel and Blaufuss, Erik and Blot, Summer and Bohm, Christian and Boerner, Mathis and Bos, Fabian and Boeser, Sebastian and Botner, Olga and Bourbeau, Etienne and Bourbeau, James and Bradascio, Federica and Braun, Jim and Brenzke, Martin and Bretz, Hans-Peter and Bron, Stephanie and Brostean-Kaiser, Jannes and Burgman, Alexander and Busse, Raffaela and Carver, Tessa and Cheng, Edward and Chirkin, Dmitry and Christov, Asen and Clark, Ken and Classen, Lew and Coenders, S. and Collin, Gabriel and Conrad, Janet and Coppin, Paul and Correa, Pablo and Cowen, Doug and Cross, Robert and Dave, Pranav and Day, Melanie and de Andre, Joao Pedro A M and De Clercq, Catherine and Delaunay, James and Dembinski, Hans and DeRidder, Sam and Desiati, Paolo and de Vries, Krijn and DeWasseige, Gwenhael and DeWith, Meike and DeYoung, Ty and Díaz-Vélez, Juan Carlos and Di Lorenzo, Vincenzo and Dujmovic, Hrvoje and Dumm, Jonathan and Dunkman, Matt and Dvorak, Emily and Eberhardt, Benjamin and Ehrhardt, Thomas and Eichmann, Bjorn and Eller, Philipp and Evenson, Paul and Fahey, Sam and Fazely, Ali and Felde, John and Filimonov, Kirill and Finley, Chad and Flis, Samuel and Franckowiak, Anna and Friedman, Elizabeth and Fritz, Alexander and Gaisser, Tom and Gallagher, Jay and Gerhardt, Lisa and Ghorbani, Kevin and Glauch, Theo and Gluesenkamp, Thorsten and Goldschmidt, Azriel and Gonzalez, Javier and Grant, Darren and Griffith, Zachary and Haack, Christian and Hallgren, Allan and Halzen, Francis and Hanson, Kael and Hebecker, Dustin and Heereman, David and Helbing, Klaus and Hellauer, Robert and Hickford, Stephanie and Hignight, Joshua and Hill, Gary and Hoffman, Kara and Hoffmann, Ruth and Hoinka, Tobias and Hokanson-Fasig, Benjamin and Hoshina, Kotoyo and Huang, Feifei and Huber, Matthias and Hultqvist, Klas and Huennefeld, Mirco and Hussain, Raamis and In, Seongjin and Iovine, Nadège and Ishihara, Aya and Jacobi, Emanuel and Japaridze, George and Jeong, Minjin and Jero, Kyle and Jones, Benjamin and Kalaczynski, Piotr and Kang, Woosik and Kappes, Alexander and Kappesser, David and Karg, Timo and Karle, Albrecht and Katz, Uli and Kauer, Matt and Keivani, Azadeh and Kelley, John and Kheirandish, Ali and Kim, JongHyun and Kim, Myoungchul and Kintscher, Thomas and Kiryluk, Joanna and Kittler, Thomas and Klein, Spencer and Koirala, Ramesh and Kolanoski, Hermann and Koepke, Lutz and Kopper, Claudio and Kopper, Sandro and Koschinsky, Jan Paul and Koskinen, Jason and Kowalski, Marek and Krings, Kai and Kroll, Mike and Krueckl, Gerald and Kunwar, Samridha and Kurahashi Neilson, Naoko and Kuwabara, Takao and Kyriacou, Alexander and Labare, Mathieu and Lanfranchi, Justin and Larson, Michael and Lauber, Frederik and Leonard, Kayla and Lesiak-Bzdak, Mariola and Leuermann, Martin and Liu, Qinrui and Lozano Mariscal, Cristian Jesús and Lu, Lu and Luenemann, Jan and Luszczak, William and Madsen, James and Maggi, Giuliano and Mahn, Kendall and Mancina, Sarah and Maruyama, Reina and Mase, Keiichi and Maunu, Ryan and Meagher, Kevin and Medici, Morten and Meier, Maximilian and Menne, Thorben and Merino, Gonzalo and Meures, Thomas and Miarecki, Sandy and Micallef, Jessie and Momente, Giulio and Montaruli, Teresa and Moore, Roger and Morse, Robert and Moulai, Marjon and Nahnhauer, Rolf and Nakarmi, Prabandha and Naumann, Uwe and Neer, Garrett and Niederhausen, Hans and Nowicki, Sarah and Nygren, Dave and Pollmann, Anna and Olivas, Alex and Murchadha, Aongus Ó and O’Sullivan, Erin and Palczewski, Tomasz and Pandya, Hershal and Pankova, Daria and Peiffer, Peter and Pepper, James and de los Heros, Carlos and Pieloth, Damian and Pinat, Elisa and Plum, Matthias and Price, Buford and Przybylski, Gerald and Raab, Christoph and Raedel, Leif and Rameez, Mohamed and Rauch, Ludwig and Rawlins, Katherine and Rea, Immacolata Carmen and Reimann, Rene and Relethford, Ben and Relich, Matt and Resconi, Elisa and Rhode, Wolfgang and Richman, Mike and Robertson, Sally and Rongen, Martin and Rott, Carsten and Ruhe, Tim and Ryckbosch, Dirk and Rysewyk, Devyn and Safa, Ibrahim and Saelzer, Tobias and Sanchez, Sebastian and Sandrock, Alexander and Sandroos, Joakim and Santander, Marcos and Sarkar, Sourav and Sarkar, Subir and Satalecka, Konstancja and Schlunder, Philipp and Schmidt, Torsten and Schneider, Austin and Schoenen, Sebastian and Schoneberg, Sebastian and Schumacher, Lisa and Sclanfani, Stephen and Seckel, Dave and Seunarine, Suruj and Soedingrekso, Jan and Soldin, Dennis and Song, Ming and Spiczak, Glenn and Spiering, Christian and Stachurska, Juliana and Stamatikos, Michael and Stanev, Todor and Stasik, Alexander and Stein, Robert and Stettner, Joeran and Steuer, Anna and Stezelberger, Thorsten and Stokstad, Robert and Stoessl, Achim and Strotjohann, Nora Linn and Stuttard, Thomas and Sullivan, Greg and Sutherland, Michael and Taboada, Ignacio and Tatar, Joulien and Tenholt, Frederik and Ter-Antonyan, Samvel and Terliuk, Andrii and Tilav, Serap and Toale, Pat and Tobin, Moriah and Toennis, Christoph and Toscano, Simona and Tosi, Delia and Tselengidou, Maria and Tung, ChunFai and Turcati, Andrea and Turley, Colin and Ty, Bunheng and Unger, Lisa and Usner, Marcel and Van Driessche, Ward and Van Eijk, Daan and van Eijndhoven, Nick and Vandenbroucke, Justin and Vanheule, Sander and van Santen, Jakob and Vogel, Eric and Vraeghe, Matthias and Walck, Christian and Wallace, Alexander and Wallraff, Marius and Wandler, Frank and Wandkowsky, Nancy and Waza, Aatif and Weaver, Chris and Weiss, Matthew and Wendt, Chris and Werthebach, Johannes and Westerhoff, Stefan and Whelan, Ben and Whitehorn, Nathan and Wiebe, Klaus and Wiebusch, Christopher and Wille, Logan and Williams, Dawn and Wills, Lizz and Wolf, Martin and Wood, Joshua and Wood, Tania and Woschnagg, Kurt and Xu, Donglian and Xu, Xianwu and Xu, Yiqian and Yanez, Juan Pablo and Yodh, Gaurang and Yoshida, Shigeru and Yuan, Tianlu and Abdollahi, Soheila and Ajello, Marco and Angioni, Roberto and Baldini, Luca and Ballet, Jean and Barbiellini, Guido and Bastieri, Denis and Bechtol, Keith and Bellazzini, Ronaldo and Berenji, Bijan and Bissaldi, Elisabetta and Blandford, Roger and Bonino, Raffaella and Bottacini, Eugenio and Bregeon, Johan and Bruel, Philippe and Büehler, Rolf and Burnett, Toby and Burns, Eric and Buson, Sara and Cameron, Rob and Caputo, Regina and Caraveo, Patrizia A. and Cavazzuti, Elisabetta and Charles, Eric and Chen, Sina and Cheung, Teddy and Chiang, James and Chiaro, Graziano and Ciprini, Stefano and Cohen-Tanugi, Johann and Conrad, Jan and Costantin, Denise and Cutini, Sara and D’Ammando, Filippo and de Palma, Francesco and Digel, Seth and Di Lalla, Niccolò and Di Mauro, Mattia and Di Venere, Leonardo and Domínguez, Alberto and Favuzzi, Cecilia and Franckowiak, Anna and Fukazawa, Yasushi and Funk, Stefan and Fusco, Piergiorgio and Gargano, Fabio and Gasparrini, Dario and Giglietto, Nico and Giomi, Matteo and Giommi, Paolo and Giordano, Francesco and Giroletti, Marcello and Glanzman, Thomas and Green, David and Grenier, Isabelle and Grondin, Marie-Hélène and Guiriec, Sylvain and Harding, Alice and Hayashida, Masaaki and Hays, Liz and Hewitt, John and Horan, Deirdre and Jóhannesson, Guölaugur and Kadler, Matthias and Kensei, Shiki and Kocevski, Daniel and Krauss, Felicia and Kreter, Michael and Kuss, Michael and La Mura, Giovanni and Larsson, Stefan and Latronico, Luca and Lemoine-Goumard, Marianne and Li, Jian and Longo, Francesco and Loparco, Francesco and Lovellette, Michael and Lubrano, Pasquale and Magill, Jeffrey and Maldera, Simone and Malyshev, Dmitry and Manfreda, Alberto and Mazziotta, Mario Nicola and McEnery, Julie and Meyer, Manuel and Michelson, Peter and Mizuno, Tsunefumi and Monzani, Maria Elena and Morselli, Aldo and Moskalenko, Igor and Negro, Michela and Nuss, Eric and Ojha, Roopesh and Omodei, Nicola and Orienti, Monica and Orlando, Elena and Palatiello, Michele and Paliya, Vaidehi and Perkins, Jeremy and Persic, Massimo and Pesce-Rollins, Melissa and Piron, Frederic and Porter, Troy and Principe, Giacomo and Rainò, Silvia and Rando, Riccardo and Rani, Bindu and Razzano, Massimiliano and Razzaque, Soebur and Reimer, Anita and Reimer, Olaf and Renault-Tinacci, Nicolas and Ritz, Steve and Rochester, Leon and Parkinson, Pablo Saz and Sgrò, Carmelo and Siskind, Eric J. and Spandre, Gloria and Spinelli, Paolo and Suson, Dan and Tajima, Hiro and Takahashi, Mitsunari and Tanaka, Yasuyuki and Thayer, Jana and Thompson, David J. and Tibaldo, Luigi and Torres, Diego F. and Torresi, Eleonora and Tosti, Gino and Troja, Eleonora and Valverde, Janeth Verónica and Vianello, Giacomo and Vogel, Matthew and Wood, Kent and Wood, Matthew and Zaharijas, Gabrijela and Ahnen, Max Ludwig and Ansoldi, Stefano and Antonelli, Lucio Angelo and Arcaro, Cornelia and Baack, Dominik and Babić, Ana and Banerjee, Biswajit and Bangale, Priyadarshini and Barres de Almeida, Ulisses and Barrio, Juan Abel and González, Josefa Becerra and Bednarek, Wlodek and Bernardini, Elisa and Berti, Alessio and Bhattacharyya, Wrijupan and Biland, Adrian and Blanch, Oscar and Bonnoli, Giacomo and Carosi, Roberto and Carosi, Alessandro and Ceribella, Giovanni and Chatterjee, Anshu and Colak, Sidika Merve and Colin, Pierre and Colombo, Eduardo and Contreras, Jose Luis and Cortina, Juan and Covino, Stefano and Cumani, Paolo and Da Vela, Paolo and Dazzi, Francesco and De Angelis, Alessandro and De Lotto, Barbara and Delfino, Manuel and Delgado, Jordi and Di Pierro, Federico and Domínguez, Alberto and Dominis Prester, Dijana and Dorner, Daniela and Doro, Michele and Einecke, Sabrina and Elsaesser, Dominik and Fallah Ramazani, Vandad and Fernández-Barral, Alba and Fidalgo, David and Foffano, Luca and Pfrang, Konstantin and Fonseca, Maria Victoria and Font, Lluis and Fruck, Christian and Galindo, Daniel and Gallozzi, Stefano and García López, Ramon J. and Garczarczyk, Markus and Gaug, Markus and Giammaria, Paola and Godinović, Nikola and Gora, Dariusz and Guberman, Daniel and Hadasch, Daniela and Hahn, Alexander and Hassan, Tarek and Hayashida, Masaaki and Herrera, Javier and Hose, Juergen and Hrupec, Dario and Inoue, Susumu and Ishio, Kazuma and Konno, Yusuke and Kubo, Hidetoshi and Kushida, Junko and Lelas, Damira and Lindfors, Elina and Lombardi, Saverio and Longo, Francesco and López, Marcos and Maggio, Camilla and Majumdar, Pratik and Makariev, Martin and Maneva, Galina and Manganaro, Marina and Mannheim, Karl and Maraschi, Laura and Mariotti, Mosé and Martínez, Manel and Masuda, Shu and Mazin, Daniel and Minev, Milen and Miranda, Jose Miguel and Mirzoyan, Razmik and Moralejo, Abelardo and Moreno, Victoria and Moretti, Elena and Nagayoshi, Tsutomu and Neustroev, Vitaly and Niedzwiecki, Andrzej and Nievas Rosillo, Mireia and Nigro, Cosimo and Nilsson, Kari and Ninci, Daniele and Nishijima, Kyoshi and Noda, Koji and Nogués, Leyre and Paiano, Simona and Palacio, Joaquim and Paneque, David and Paoletti, Riccardo and Paredes, Josep M. and Pedaletti, Giovanna and Peresano, Michele and Persic, Massimo and Prada Moroni, Pier Giorgio and Prandini, Elisa and Puljak, Ivica and Rodriguez, Jezabel and Reichardt, Ignasi and Rhode, Wolfgang and Ribó, Marc and Rico, Javier and Righi, Chiara and Rugliancich, Andrea and Saito, Takayuki and Satalecka, Konstancja and Schweizer, Thomas and Sitarek, Julian and Šnidarić, Iva and Sobczynska, Dorota and Stamerra, Antonio and Strzys, Marcel and Surić, Tihomir and Takahashi, Mitsunari and Tavecchio, Fabrizio and Temnikov, Petar and Terzić, Tomislav and Teshima, Masahiro and Torres-Albà, Nuria and Treves, Aldo and Tsujimoto, Shimpei and Vanzo, Gaia and Vazquez Acosta, Monica and Vovk, Ievgen and Ward, John E. and Will, Martin and Zarić, Darko and Franceschini, Alberto and Lucarelli, Fabrizio and Tavani, Marco and Piano, Giovanni and Donnarumma, Imma and Pittori, Carlotta and Verrecchia, Francesco and Barbiellini, Guido and Bulgarelli, Andrea and Caraveo, Patrizia and Cattaneo, Paolo Walter and Colafrancesco, Sergio and Costa, Enrico and Di Cocco, Guido and Ferrari, Attilio and Gianotti, Fulvio and Giuliani, Andrea and Lipari, Paolo and Mereghetti, Sandro and Morselli, Aldo and Pacciani, Luigi and Paoletti, Franco and Parmiggiani, Nicolò and Pellizzoni, Alberto and Picozza, Piergiorgio and Pilia, Maura and Rappoldi, Andrea and Trois, Alessio and Vercellone, Stefano and Vittorini, Valerio and Albert, Andrea and Alfaro, Ruben and Álvarez, César and Arceo, Roberto and Arteaga Velázquez, Juan Carlos and Avila Rojas, Daniel Omar and Ayala Solares, Hugo Alberto and Becerril, Ana Delia and Belmont-Moreno, Ernesto and Bernal, Abel and Caballero Mora, Karen S. and Capistrán Rojas, Tomás and Carramiñana, Alberto and Casanova, Sabrina and Castillo Maldonado, Mario Alberto and Cotti, Umberto and Cotzomi, Jorge and Coutiño de León, Sara and De León Acuña, Cederik León and De la Fuente, Eduardo and Hernandez, Raquel Diaz and Dichiara, Simone and Dingus, Brenda and DuVernois, Michael and Díaz Velez, Juan Carlos and Ellsworth, Robert and Engel, Kristi and Fiorino, Daniel W. and Fleischhack, Henrike and Fraija, Nissim Illich and García González, José Andrés and Garfias, Fernando and González, Maria Magdalena and Muñoz, Adiv González and Goodman, Jordan A. and Hampel-Arias, Zigfried and Harding, J. Patrick and Cadena, Sergio Hernandez and Hona, Binita and Hueyotl-Zahuantitla, Filiberto and Hui, Michelle and Hüntemeyer, Petra and Iriarte, Arturo and Jardin-Blicq, Armelle and Joshi, Vikas and Kaufmann, Sarah and Kunde, Gerd J. and Lara, Alejandro and Lauer, Robert and Lee, William and Lennarz, Dirk and Vargas, Hermes León and Linnemann, Jim and Longinotti, Anna Lia and Luis-Raya, Gilgamesh and Luna-García, Rene and Malone, Kelly and Marinelli, Samuel Stephens and Martinez, Oscar and Martinez Castellanos, Israel and Martínez Huerta, Humberto and Martínez Castro, Jesús and Matthews, John and Miranda-Romagnoli, Pedro and Moreno Barbosa, Eduardo and Mostafa, Miguel and Nayerhoda, Amid and Nellen, Lukas and Newbold, Michael and Nisa, Mehr Un and Noriega-Papaqui, Roberto and Pelayo, Rodrigo and Pretz, John and Pérez Pérez, Eucario Gonzalo and Ren, Zhixiang and Rho, Chang Dong and Rivière, Colas and González, Daniel Rosa and Rosenberg, Matthew and Ruiz-Velasco, Edna and Ruiz-Velasco, Enrique and Greus, Francisco Salesa and Sandoval, Andres and Schneider, Michael and Schoorlemmer, Harm and Sinnis, Gus and Smith, Andrew James and Springer, Wayne and Surajbali, Pooja and Tibolla, Omar and Tollefson, Kirsten and Torres, Ibrahim and Villaseñor, Luis and Weisgarber, Thomas and Werner, Felix and Yapici, Tolga and Yodh, Gaurang and Zepeda, Arnulfo and Zhou, Hao and Álvarez Romero, Juan de Dios and Abdalla, H. and Angüner, E. O. and Armand, C. and Backes, M. and Becherini, Y. and Berge, D. and Böttcher, M. and Boisson, C. and Bolmont, J. and Bonnefoy, S. and Bordas, P. and Brun, F. and Büchele, M. and Bulik, T. and Caroff, S. and Carosi, A. and Casanova, S. and Cerruti, M. and Chakraborty, N. and Chandra, S. and Chen, A. and Colafrancesco, S. and Davids, I. D. and Deil, C. and Devin, J. and Djannati-Ataï, A. and Egberts, K. and Emery, G. and Eschbach, S. and Fiasson, A. and Fontaine, G. and Funk, S. and Füßling, M. and Gallant, Y. A. and Gaté, F. and Giavitto, G. and Glawion, D. and Glicenstein, J. F. and Gottschall, D. and Grondin, M.-H. and Haupt, M. and Henri, G. and Hinton, J. A. and Hoischen, C. and Holch, T. L. and Huber, D. and Jamrozy, M. and Jankowsky, D. and Jankowsky, F. and Jouvin, L. and Jung-Richardt, I. and Kerszberg, D. and Khélifi, B. and King, J. and Klepser, S. and Kluźniak, W. and Komin, Nu. and Kraus, M. and Lefaucheur, J. and Lemière, A. and Lemoine-Goumard, M. and Lenain, J.-P. and Leser, E. and Lohse, T. and López-Coto, R. and Lorentz, M. and Lypova, I. and Marandon, V. and Martí-Devesa, G. Guillem and Maurin, G. and Mitchell, A.M.W. and Moderski, R. and Mohamed, M. and Mohrmann, L. and Moulin, E. and Murach, T. and de Naurois, M. and Niederwanger, F. and Niemiec, J. and Oakes, L. and O’Brien, P. and Ohm, S. and Ostrowski, M. and Oya, I. and Panter, M. and Parsons, R. D. and Perennes, C. and Piel, Q. and Pita, S. and Poireau, V. and Noel, A. Priyana and Prokoph, H. and Pühlhofer, G. and Quirrenbach, A. and Raab, S. and Rauth, R. and Renaud, M. and Rieger, F. and Rinchiuso, L. and Romoli, C. and Rowell, G. and Rudak, B. and Sanchez, D. A. and Sasaki, M. and Schlickeiser, R. and Schüssler, F. and Schulz, A. and Schwanke, U. and Seglar-Arroyo, M. and Shafi, N. and Simoni, R. and Sol, H. and Stegmann, C. and Steppa, C. and Tavernier, T. and Taylor, A. M. and Tiziani, D. and Trichard, C. and Tsirou, M. and van Eldik, C. and van Rensburg, C. and van Soelen, B. and Veh, J. and Vincent, P. and Voisin, F. and Wagner, S. J. and Wagner, R. M. and Wierzcholska, A. and Zanin, R. and Zdziarski, A. A. and Zech, A. and Ziegler, A. and Zorn, J. and Zywucka, N. and Savchenko, V. and Ferrigno, C. and Bazzano, A. and Diehl, R. and Kuulkers, E. and Laurent, P. and Mereghetti, S. and Natalucci, L. and Panessa, F. and Rodi, J. and Ubertini, P. and Morokuma, Tomoki and Ohta, Kouji and Tanaka, Yasuyuki T. and Mori, Hiroki and Yamanaka, Masayuki and Kawabata, Koji S. and Utsumi, Yousuke and Nakaoka, Tatsuya and Kawabata, Miho and Nagashima, Hiroki and Yoshida, Michitoshi and Matsuoka, Yoshiki and Itoh, Ryosuke and Keel, William and Copperwheat, Christopher and Steele, Iain and Cenko, S. Bradley and Evans, Philip and Fox, Derek and Kennea, Jamie and Marshall, Francis and Osborne, Julian and Tohuvavohu, Aaron and Turley, Colin and Cowen, Douglas and DeLaunay, James and Keivani, Azadeh and Santander, Marcos and Abeysekara, Anushka and Archer, Avery and Benbow, Wystan and Bird, Ralph and Brill, Aryeh and Brose, Robert and Buchovecky, Matthew and Buckley, James and Bugaev, Viatcheslav and Christiansen, Jodi and Connolly, Michael and Cui, Wei and Daniel, Michael and Errando, Manel and Falcone, Abraham and Feng, Qi and Finley, John and Fortson, Lucy and Furniss, Amy and Gueta, Orel and Hütten, Moritz and Hervet, Olivier and Hughes, Gareth and Humensky, Thomas and Johnson, Caitlin and Kaaret, Philip and Kar, Payel and Kelley-Hoskins, Nathan and Kertzman, Mary and Kieda, David and Krause, Maria and Krennrich, Frank and Kumar, Sajan and Lang, Mark and Lin, Tony and Maier, Gernot and McArthur, Steven and Moriarty, Patrick and Mukherjee, Reshmi and Nieto, Daniel and O’Brien, Stephen and Ong, Rene and Otte, Adam and Park, Nahee and Petrashyk, Andriy and Pohl, Martin and Popkow, Alexis and Pueschel, Elisa and Quinn, John and Ragan, Kenneth and Reynolds, Paul and Richards, Gregory and Roache, Emmet and Rulten, Cameron and Sadeh, Iftach and Santander, Marcos and Scott, Skyler and Sembroski, Glenn and Shahinyan, Karlen and Sushch, Iurii and Trépanier, Samuel and Tyler, Jonathan and Vassiliev, Vladimir and Wakely, Scott and Weinstein, Amanda and Wells, Rita and Wilcox, Patrick and Wilhelm, Alina and Williams, David and Zitzer, Benjamin and Tetarenko, Alexandra and Kimball, Amy and Miller-Jones, James and Sivakoff, Gregory},
	year={2018},
	month={jul} 
}
@ARTICLE{HESS_BLAZAR_2019,
	author = {{H.~E.~S.~S. Collaboration} and {Abdalla}, H. and {Adam}, R. and {Aharonian}, F. and {Ait Benkhali}, F. and {Ang{\"u}ner}, E.~O. and {Arakawa}, M. and {Arcaro}, C. and {Armand}, C. and {Ashkar}, H. and {Backes}, M. and {Barbosa Martins}, V. and {Barnard}, M. and {Becherini}, Y. and {Berge}, D. and {Bernl{\"o}hr}, K. and {Blackwell}, R. and {B{\"o}ttcher}, M. and {Boisson}, C. and {Bolmont}, J. and {Bonnefoy}, S. and {Bregeon}, J. and {Breuhaus}, M. and {Brun}, F. and {Brun}, P. and {Bryan}, M. and {B{\"u}chele}, M. and {Bulik}, T. and {Bylund}, T. and {Capasso}, M. and {Caroff}, S. and {Carosi}, A. and {Casanova}, S. and {Cerruti}, M. and {Chand}, T. and {Chandra}, S. and {Chen}, A. and {Colafrancesco}, S. and {Cury{\l}o}, M. and {Davids}, I.~D. and {Deil}, C. and {Devin}, J. and {deWilt}, P. and {Dirson}, L. and {Djannati-Ata{\"\i}}, A. and {Dmytriiev}, A. and {Donath}, A. and {Doroshenko}, V. and {Drury}, L.~O. 'C. and {Dyks}, J. and {Egberts}, K. and {Emery}, G. and {Ernenwein}, J. -P. and {Eschbach}, S. and {Feijen}, K. and {Fegan}, S. and {Fiasson}, A. and {Fontaine}, G. and {Funk}, S. and {F{\"u}{\ss}ling}, M. and {Gabici}, S. and {Gallant}, Y.~A. and {Gat{\'e}}, F. and {Giavitto}, G. and {Glawion}, D. and {Glicenstein}, J.~F. and {Gottschall}, D. and {Grondin}, M. -H. and {Hahn}, J. and {Haupt}, M. and {Heinzelmann}, G. and {Henri}, G. and {Hermann}, G. and {Hinton}, J.~A. and {Hofmann}, W. and {Hoischen}, C. and {Holch}, T.~L. and {Holler}, M. and {Horns}, D. and {Huber}, D. and {Iwasaki}, H. and {Jamrozy}, M. and {Jankowsky}, D. and {Jankowsky}, F. and {Jardin-Blicq}, A. and {Jung-Richardt}, I. and {Kastendieck}, M.~A. and {Katarzy{\'n}ski}, K. and {Katsuragawa}, M. and {Katz}, U. and {Khangulyan}, D. and {Kh{\'e}lifi}, B. and {King}, J. and {Klepser}, S. and {Klu{\'z}niak}, W. and {Komin}, Nu. and {Kosack}, K. and {Kostunin}, D. and {Kraus}, M. and {Lamanna}, G. and {Lau}, J. and {Lemi{\`e}re}, A. and {Lemoine-Goumard}, M. and {Lenain}, J. -P. and {Leser}, E. and {Levy}, C. and {Lohse}, T. and {Lypova}, I. and {Mackey}, J. and {Majumdar}, J. and {Malyshev}, D. and {Marandon}, V. and {Marcowith}, A. and {Mares}, A. and {Mariaud}, C. and {Mart{\'\i}-Devesa}, G. and {Marx}, R. and {Maurin}, G. and {Meintjes}, P.~J. and {Mitchell}, A.~M.~W. and {Moderski}, R. and {Mohamed}, M. and {Mohrmann}, L. and {Moore}, C. and {Moulin}, E. and {Muller}, J. and {Murach}, T. and {Nakashima}, S. and {de Naurois}, M. and {Ndiyavala}, H. and {Niederwanger}, F. and {Niemiec}, J. and {Oakes}, L. and {O'Brien}, P. and {Odaka}, H. and {Ohm}, S. and {de Ona Wilhelmi}, E. and {Ostrowski}, M. and {Oya}, I. and {Panter}, M. and {Parsons}, R.~D. and {Perennes}, C. and {Petrucci}, P. -O. and {Peyaud}, B. and {Piel}, Q. and {Pita}, S. and {Poireau}, V. and {Priyana Noel}, A. and {Prokhorov}, D.~A. and {Prokoph}, H. and {P{\"u}hlhofer}, G. and {Punch}, M. and {Quirrenbach}, A. and {Raab}, S. and {Rauth}, R. and {Reimer}, A. and {Reimer}, O. and {Remy}, Q. and {Renaud}, M. and {Rieger}, F. and {Rinchiuso}, L. and {Romoli}, C. and {Rowell}, G. and {Rudak}, B. and {Ruiz-Velasco}, E. and {Sahakian}, V. and {Saito}, S. and {Sanchez}, D.~A. and {Santangelo}, A. and {Sasaki}, M. and {Schlickeiser}, R. and {Sch{\"u}ssler}, F. and {Schulz}, A. and {Schutte}, H. and {Schwanke}, U. and {Schwemmer}, S. and {Seglar-Arroyo}, M. and {Senniappan}, M. and {Seyffert}, A.~S. and {Shafi}, N. and {Shiningayamwe}, K. and {Simoni}, R. and {Sinha}, A. and {Sol}, H. and {Specovius}, A. and {Spir-Jacob}, M. and {Stawarz}, L. and {Steenkamp}, R. and {Stegmann}, C. and {Steppa}, C. and {Takahashi}, T. and {Tavernier}, T. and {Taylor}, A.~M. and {Terrier}, R. and {Tiziani}, D. and {Tluczykont}, M. and {Trichard}, C. and {Tsirou}, M. and {Tsuji}, N. and {Tuffs}, R. and {Uchiyama}, Y. and {van der Walt}, D.~J. and {van Eldik}, C. and {van Rensburg}, C. and {van Soelen}, B. and {Vasileiadis}, G. and {Veh}, J. and {Venter}, C. and {Vincent}, P. and {Vink}, J. and {Voisin}, F. and {V{\"o}lk}, H.~J. and {Vuillaume}, T. and {Wadiasingh}, Z. and {Wagner}, S.~J. and {White}, R. and {Wierzcholska}, A. and {Yang}, R. and {Yoneda}, H. and {Zacharias}, M. and {Zanin}, R. and {Zdziarski}, A.~A. and {Zech}, A. and {Ziegler}, A. and {Zorn}, J. and {{\.Z}ywucka}, N. and {Meyer}, M.},
	title = {Constraints on the emission region of <ASTROBJ>3C 279</ASTROBJ> during strong flares in 2014 and 2015 through VHE {\ensuremath{\gamma}}-ray observations with H.E.S.S.},
	journal = {\aap},
	keywords = {radiation mechanisms: non-thermal, quasars: individual: 3C 279, galaxies: active, relativistic processes, Astrophysics - High Energy Astrophysical Phenomena, Astrophysics - Astrophysics of Galaxies},
	year = {2019},
	month = {jul},
	volume = {627},
	eid = {A159},
	pages = {A159},
	doi = {10.1051/0004-6361/201935704},
	archivePrefix = {arXiv},
	eprint = {1906.04996},
	primaryClass = {astro-ph.HE},
	adsurl = {https://ui.adsabs.harvard.edu/abs/2019A&A...627A.159H},
	adsnote = {Provided by the SAO/NASA Astrophysics Data System}
}
@ARTICLE{MRK421_2008_flare_multi,
	author = {{Donnarumma}, I. and {Vittorini}, V. and {Vercellone}, S. and {del Monte}, E. and {Feroci}, M. and {D'Ammando}, F. and {Pacciani}, L. and {Chen}, A.~W. and {Tavani}, M. and {Bulgarelli}, A. and {Giuliani}, A. and {Longo}, F. and {Pucella}, G. and {Argan}, A. and {Barbiellini}, G. and {Boffelli}, F. and {Caraveo}, P. and {Cattaneo}, P.~W. and {Cocco}, V. and {Costa}, E. and {DeParis}, G. and {Di Cocco}, G. and {Evangelista}, Y. and {Fiorini}, M. and {Froysland}, T. and {Frutti}, M. and {Fuschino}, F. and {Galli}, M. and {Gianotti}, F. and {Labanti}, C. and {Lapshov}, I. and {Lazzarotto}, F. and {Lipari}, P. and {Marisaldi}, M. and {Mastropietro}, M. and {Mereghetti}, S. and {Morelli}, E. and {Morselli}, A. and {Pellizzoni}, A. and {Perotti}, F. and {Picozza}, P. and {Porrovecchio}, G. and {Prest}, M. and {Rapisarda}, M. and {Rappoldi}, A. and {Rubini}, A. and {Soffitta}, P. and {Trifoglio}, M. and {Trois}, A. and {Vallazza}, E. and {Zambra}, A. and {Zanello}, D. and {Pittori}, C. and {Santolamazza}, P. and {Verrecchia}, F. and {Giommi}, P. and {Colafrancesco}, S. and {Salotti}, L. and {Villata}, M. and {Raiteri}, C.~M. and {Chen}, W.~P. and {Efimova}, N.~V. and {Jordan}, B. and {Konstantinova}, T.~S. and {Koptelova}, E. and {Kurtanidze}, O.~M. and {Larionov}, V.~M. and {Ros}, J.~A. and {Sadun}, A.~C. and {Anderhub}, H. and {Antonelli}, L.~A. and {Antoranz}, P. and {Backes}, M. and {Baixeras}, C. and {Balestra}, S. and {Barrio}, J.~A. and {Bartko}, H. and {Bastieri}, D. and {Gonz{\'a}lez}, J. Becerra and {Becker}, J.~K. and {Bednarek}, W. and {Berger}, K. and {Bernardini}, E. and {Biland}, A. and {Bock}, R.~K. and {Bonnoli}, G. and {Bordas}, P. and {Tridon}, D. Borla and {Bosch-Ramon}, V. and {Bretz}, T. and {Britvitch}, I. and {Camara}, M. and {Carmona}, E. and {Chilingarian}, A. and {Commichau}, S. and {Contreras}, J.~L. and {Cortina}, J. and {Costado}, M.~T. and {Covino}, S. and {Curtef}, V. and {Dazzi}, F. and {DeAngelis}, A. and {DeCea del Pozo}, E. and {de los Reyes}, R. and {DeLotto}, B. and {DeMaria}, M. and {DeSabata}, F. and {Mendez}, C. Delgado and {Dominguez}, A. and {Dorner}, D. and {Doro}, M. and {Elsaesser}, D. and {Errando}, M. and {Ferenc}, D. and {Fern{\'a}ndez}, E. and {Firpo}, R. and {Fonseca}, M.~V. and {Font}, L. and {Galante}, N. and {Garc{\'\i}a L{\'o}pez}, R.~J. and {Garczarczyk}, M. and {Gaug}, M. and {Goebel}, F. and {Hadasch}, D. and {Hayashida}, M. and {Herrero}, A. and {H{\"o}hne-M{\"o}nch}, D. and {Hose}, J. and {Hsu}, C.~C. and {Huber}, S. and {Jogler}, T. and {Kranich}, D. and {La Barbera}, A. and {Laille}, A. and {Leonardo}, E. and {Lindfors}, E. and {Lombardi}, S. and {L{\'o}pez}, M. and {Lorenz}, E. and {Majumdar}, P. and {Maneva}, G. and {Mankuzhiyil}, N. and {Mannheim}, K. and {Maraschi}, L. and {Mariotti}, M. and {Mart{\'\i}nez}, M. and {Mazin}, D. and {Meucci}, M. and {Meyer}, M. and {Miranda}, J.~M. and {Mirzoyan}, R. and {Mold{\'o}n}, J. and {Moles}, M. and {Moralejo}, A. and {Nieto}, D. and {Nilsson}, K. and {Ninkovic}, J. and {Oya}, I. and {Paoletti}, R. and {Paredes}, J.~M. and {Pasanen}, M. and {Pascoli}, D. and {Pauss}, F. and {Pegna}, R.~G. and {Perez-Torres}, M.~A. and {Persic}, M. and {Peruzzo}, L. and {Prada}, F. and {Prandini}, E. and {Puchades}, N. and {Raymers}, A. and {Rhode}, W. and {Rib{\'o}}, M. and {Rico}, J. and {Rissi}, M. and {Robert}, A. and {R{\"u}gamer}, S. and {Saggion}, A. and {Saito}, T.~Y. and {Salvati}, M. and {Sanchez-Conde}, M. and {Sartori}, P. and {Satalecka}, K. and {Scalzotto}, V. and {Scapin}, V. and {Schweizer}, T. and {Shayduk}, M. and {Shinozaki}, K. and {Shore}, S.~N. and {Sidro}, N. and {Sierpowska-Bartosik}, A. and {Sillanp{\"a}{\"a}}, A. and {Sitarek}, J. and {Sobczynska}, D. and {Spanier}, F. and {Stamerra}, A. and {Stark}, L.~S. and {Takalo}, L. and {Tavecchio}, F. and {Temnikov}, P. and {Tescaro}, D. and {Teshima}, M. and {Tluczykont}, M. and {Torres}, D.~F. and {Turini}, N. and {Vankov}, H. and {Venturini}, A. and {Vitale}, V. and {Wagner}, R.~M. and {Wittek}, W. and {Zabalza}, V. and {Zandanel}, F. and {Zanin}, R. and {Zapatero}, J. and {Acciari}, V. and {Aliu}, E. and {Arlen}, T. and {Beilicke}, M. and {Benbow}, W. and {Bradbury}, S.~M. and {Buckley}, J.~H. and {Bugaev}, V. and {Butt}, Y. and {Byrum}, K. and {Cannon}, A. and {Cesarini}, A. and {Chow}, Y.~C. and {Ciupik}, L. and {Cogan}, P. and {Colin}, P. and {Cui}, W. and {Daniel}, M.~K. and {Dickherber}, R. and {Duke}, C. and {Ergin}, T. and {Fegan}, S.~J. and {Finley}, J.~P. and {Finnegan}, G. and {Fortin}, P. and {Furniss}, A. and {Gall}, D. and {Gillanders}, G.~H. and {Guenette}, R. and {Gyuk}, G. and {Grube}, J. and {Hanna}, D. and {Holder}, J. and {Horan}, D. and {Hui}, C.~M. and {Humensky}, T. Brian and {Imran}, A. and {Kaaret}, P. and {Karlsson}, N. and {Kertzman}, M. and {Kieda}, D. and {Kildea}, J. and {Konopelko}, A. and {Krawczynski}, H. and {Krennrich}, F. and {Lang}, M.~J. and {LeBohec}, S. and {Maier}, G. and {McCann}, A. and {McCutcheon}, M. and {Milovanovic}, A. and {Moriarty}, P. and {Nagai}, T. and {Ong}, R.~A. and {Otte}, A.~N. and {Pandel}, D. and {Perkins}, J.~S. and {Pichel}, A. and {Pohl}, M. and {Ragan}, K. and {Reyes}, L.~C. and {Reynolds}, P.~T. and {Roache}, E. and {Rose}, H.~J. and {Schroedter}, M. and {Sembroski}, G.~H. and {Smith}, A.~W. and {Steele}, D. and {Swordy}, S.~P. and {Theiling}, M. and {Toner}, J.~A. and {Valcarcel}, L. and {Varlotta}, A. and {Wakely}, S.~P. and {Ward}, J.~E. and {Weekes}, T.~C. and {Weinstein}, A. and {Williams}, D.~A. and {Wissel}, S. and {Wood}, M. and {Zitzer}, B.},
	title = {The June 2008 Flare of Markarian 421 from Optical to TeV Energies},
	journal = {\apjl},
	keywords = {BL Lacertae objects: individual: Mrk 421, gamma rays: observations, galaxies: jets, radiation mechanisms: non-thermal, X-rays: galaxies, Astrophysics},
	year = {2009},
	month = {jan},
	volume = {691},
	number = {1},
	pages = {L13-L19},
	doi = {10.1088/0004-637X/691/1/L13},
	archivePrefix = {arXiv},
	eprint = {0812.1500},
	primaryClass = {astro-ph},
	adsurl = {https://ui.adsabs.harvard.edu/abs/2009ApJ...691L..13D},
	adsnote = {Provided by the SAO/NASA Astrophysics Data System}
}
@article{Fossati_1998,
	title={A unifying view of the spectral energy distributions of blazars},
	volume={299},
	ISSN={1365-2966},
	url={http://dx.doi.org/10.1046/j.1365-8711.1998.01828.x},
	DOI={10.1046/j.1365-8711.1998.01828.x},
	number={2},
	journal={Monthly Notices of the Royal Astronomical Society},
	publisher={Oxford University Press (OUP)},
	author={Fossati, G. and Maraschi, L. and Celotti, A. and Comastri, A. and Ghisellini, G.},
	year={1998},
	month={sep}, 
	pages={433–448} 
}

@article{Acciari_flare_2020,
	title={Broadband characterisation of the very intense TeV flares of the blazar 1ES 1959+650 in 2016},
	volume={638},
	ISSN={1432-0746},
	url={http://dx.doi.org/10.1051/0004-6361/201935450},
	DOI={10.1051/0004-6361/201935450},
	journal={Astronomy &amp; Astrophysics},
	publisher={EDP Sciences},
	author={Acciari, V. A. and Ansoldi, S. and Antonelli, L. A. and Arbet Engels, A. and Baack, D. and Babić, A. and Banerjee, B. and Barres de Almeida, U. and Barrio, J. A. and Becerra González, J. and Bednarek, W. and Bellizzi, L. and Bernardini, E. and Berti, A. and Besenrieder, J. and Bhattacharyya, W. and Bigongiari, C. and Biland, A. and Blanch, O. and Bonnoli, G. and Bosnjak, Z. and Busetto, G. and Carosi, R. and Ceribella, G. and Chai, Y. and Cikota, S. and Colak, S. M. and Colin, U. and Colombo, E. and Contreras, J. L. and Cortina, J. and Covino, S. and D’Elia, V. and Da Vela, P. and Dazzi, F. and De Angelis, A. and De Lotto, B. and Delfino, M. and Delgado, J. and Di Pierro, F. and Do Souto Espiñeira, E. and Dominis Prester, D. and Donini, A. and Dorner, D. and Doro, M. and Elsaesser, D. and Fallah Ramazani, V. and Fattorini, A. and Fernández-Barral, A. and Ferrara, G. and Fidalgo, D. and Foffano, L. and Fonseca, M. V. and Font, L. and Fruck, C. and Fukami, S. and Gallozzi, S. and García López, R. J. and Garczarczyk, M. and Gasparyan, S. and Gaug, M. and Godinović, N. and Green, D. and Guberman, D. and Hadasch, D. and Hahn, A. and Herrera, J. and Hoang, J. and Hrupec, D. and Inada, T. and Inoue, S. and Ishio, K. and Iwamura, Y. and Jouvin, L. and Kubo, H. and Kushida, J. and Lamastra, A. and Lelas, D. and Leone, F. and Lindfors, E. and Lombardi, S. and Longo, F. and López, M. and López-Coto, R. and López-Oramas, A. and Machado de Oliveira Fraga, B. and Maggio, C. and Majumdar, P. and Makariev, M. and Mallamaci, M. and Maneva, G. and Manganaro, M. and Mannheim, K. and Maraschi, L. and Mariotti, M. and Martínez, M. and Masuda, S. and Mazin, D. and Mićanović, S. and Miceli, D. and Minev, M. and Miranda, J. M. and Mirzoyan, R. and Molina, E. and Moralejo, A. and Morcuende, D. and Moreno, V. and Moretti, E. and Munar-Adrover, P. and Neustroev, V. and Niedzwiecki, A. and Nigro, C. and Nilsson, K. and Ninci, D. and Nishijima, K. and Noda, K. and Nogués, L. and Nöthe, M. and Nozaki, S. and Paiano, S. and Palacio, J. and Palatiello, M. and Paneque, D. and Paoletti, R. and Paredes, J. M. and Peñil, P. and Peresano, M. and Persic, M. and Prada Moroni, P. G. and Prandini, E. and Puljak, I. and Rhode, W. and Ribó, M. and Rico, J. and Righi, C. and Rugliancich, A. and Saha, L. and Sahakyan, N. and Saito, T. and Sakurai, S. and Satalecka, K. and Schweizer, T. and Sitarek, J. and Šnidarić, I. and Sobczynska, D. and Somero, A. and Stamerra, A. and Strom, D. and Strzys, M. and Surić, T. and Takahashi, M. and Tavecchio, F. and Temnikov, P. and Terzić, T. and Teshima, M. and Torres-Albà, N. and Tsujimoto, S. and van Scherpenberg, J. and Vanzo, G. and Vazquez Acosta, M. and Vovk, I. and Will, M. and Zarić, D. and Hayashida, M.},
	year={2020},
	month=jun, 
	pages={A14} 
}

@ARTICLE{Krawczynski_2004,
	author = {{Krawczynski}, H. and {Hughes}, S.~B. and {Horan}, D. and {Aharonian}, F. and {Aller}, M.~F. and {Aller}, H. and {Boltwood}, P. and {Buckley}, J. and {Coppi}, P. and {Fossati}, G. and {G{\"o}tting}, N. and {Holder}, J. and {Horns}, D. and {Kurtanidze}, O.~M. and {Marscher}, A.~P. and {Nikolashvili}, M. and {Remillard}, R.~A. and {Sadun}, A. and {Schr{\"o}der}, M.},
	title = {Multiwavelength Observations of Strong Flares from the TeV Blazar 1ES 1959+650},
	journal = {\apj},
	keywords = {Galaxies: BL Lacertae Objects: Individual: Alphanumeric: 1ES 1959+650, Galaxies: Jets, Gamma Rays: Observations, Astrophysics},
	year = {2004},
	month = {jan},
	volume = {601},
	number = {1},
	pages = {151-164},
	doi = {10.1086/380393},
	archivePrefix = {arXiv},
	eprint = {astro-ph/0310158},
	primaryClass = {astro-ph},
	adsurl = {https://ui.adsabs.harvard.edu/abs/2004ApJ...601..151K},
	adsnote = {Provided by the SAO/NASA Astrophysics Data System}
}
@article{Acciari_2011,
	doi = {10.1088/0004-637X/738/1/25},
	url = {https://dx.doi.org/10.1088/0004-637X/738/1/25},
	year = {2011},
	month = {aug},
	publisher = {The American Astronomical Society},
	volume = {738},
	number = {1},
	pages = {25},
	author = {V. A. Acciari and E. Aliu and T. Arlen and T. Aune and M. Beilicke and W. Benbow and D. Boltuch and S. M. Bradbury and J. H. Buckley and V. Bugaev and K. Byrum and A. Cannon and A. Cesarini and L. Ciupik and W. Cui and R. Dickherber and C. Duke and A. Falcone and J. P. Finley and G. Finnegan and L. Fortson and A. Furniss and N. Galante and D. Gall and G. H. Gillanders and S. Godambe and J. Grube and R. Guenette and G. Gyuk and D. Hanna and J. Holder and C. M. Hui and T. B. Humensky and A. Imran and P. Kaaret and N. Karlsson and M. Kertzman and D. Kieda and A. Konopelko and H. Krawczynski and F. Krennrich and M. J. Lang and G. Maier and S. McArthur and M. McCutcheon and P. Moriarty and R. A. Ong and A. N. Otte and M. Ouellette and D. Pandel and J. S. Perkins and A. Pichel and M. Pohl and J. Quinn and K. Ragan and L. C. Reyes and P. T. Reynolds and E. Roache and H. J. Rose and A. C. Rovero and M. Schroedter and G. H. Sembroski and G. Demet Senturk and D. Steele and S. P. Swordy and M. Theiling and S. Thibadeau and A. Varlotta and V. V. Vassiliev and S. Vincent and R. G. Wagner and S. P. Wakely and J. E. Ward and T. C. Weekes and A. Weinstein and T. Weisgarber and D. A. Williams and S. Wissel and M. Wood and B. Zitzer and A. Garson and K. Lee and —BRT/NMS: A. C. Sadun and —Bell: M. Carini and D. Barnaby and K. Cook and J. Maune and A. Pease and S. Smith and R. Walters and —Tuorla/KVA: A. Berdyugin and E. Lindfors and K. Nilsson and M. Pasanen and J. Sainio and A. Sillanpaa and L. O. Takalo and C. Villforth and —WIYN: T. Montaruli and M. Baker and —Metsähovi: A. Lahteenmaki and M. Tornikoski and T. Hovatta and E. Nieppola and —UMRAO: H. D. Aller and M. F. Aller},
	title = {TeV AND MULTI-WAVELENGTH OBSERVATIONS OF Mrk 421 IN 2006–2008},
	journal = {The Astrophysical Journal},
	abstract = {We report on TeV γ-ray observations of the blazar Mrk 421 (redshift of 0.031) with the VERITAS observatory and the Whipple 10 m Cherenkov telescope. The excellent sensitivity of VERITAS allowed us to sample the TeV γ-ray fluxes and energy spectra with unprecedented accuracy where Mrk 421 was detected in each of the pointings. A total of 47.3 hr of VERITAS and 96 hr of Whipple 10 m data were acquired between 2006 January and 2008 June. We present the results of a study of the TeV γ-ray energy spectra as a function of time and for different flux levels. On 2008 May 2 and 3, bright TeV γ-ray flares were detected with fluxes reaching the level of 10 Crab. The TeV γ-ray data were complemented with radio, optical, and X-ray observations, with flux variability found in all bands except for the radio wave band. The combination of the Rossi X-ray Timing Explorer and Swift X-ray data reveal spectral hardening with increasing flux levels, often correlated with an increase of the source activity in TeV γ-rays. Contemporaneous spectral energy distributions were generated for 18 nights, each of which are reasonably described by a one-zone synchrotron self-Compton model.}
}
@article{Albert_2007,
	doi = {10.1086/518221},
	url = {https://dx.doi.org/10.1086/518221},
	year = {2007},
	month = {jul},
	publisher = {},
	volume = {663},
	number = {1},
	pages = {125},
	author = {J. Albert and E. Aliu and H. Anderhub and P. Antoranz and A. Armada and M. Asensio and C. Baixeras and J. A. Barrio and H. Bartko and D. Bastieri and J. Becker and W. Bednarek and K. Berger and C. Bigongiari and A. Biland and R. K. Bock and P. Bordas and V. Bosch-Ramon and T. Bretz and I. Britvitch and M. Camara and E. Carmona and A. Chilingarian and S. Ciprini and J. A. Coarasa and S. Commichau and J. L. Contreras and J. Cortina and V. Curtef and V. Danielyan and F. Dazzi and A. De Angelis and R. de los Reyes and B. De Lotto and E. Domingo-Santamaría and D. Dorner and M. Doro and M. Errando and M. Fagiolini and D. Ferenc and E. Fernández and R. Firpo and J. Flix and M. V. Fonseca and L. Font and M. Fuchs and N. Galante and M. Garczarczyk and M. Gaug and M. Giller and F. Goebel and D. Hakobyan and M. Hayashida and T. Hengstebeck and D. Höhne and J. Hose and C. C. Hsu and P. Jacon and T. Jogler and O. Kalekin and R. Kosyra and D. Kranich and R. Kritzer and M. Laatiaoui and A. Laille and P. Liebing and E. Lindfors and S. Lombardi and F. Longo and J. López and M. López and E. Lorenz and P. Majumdar and G. Maneva and K. Mannheim and O. Mansutti and M. Mariotti and M. Martínez and D. Mazin and C. Merck and M. Meucci and M. Meyer and J. M. Miranda and R. Mirzoyan and S. Mizobuchi and A. Moralejo and K. Nilsson and J. Ninkovic and E. Oña-Wilhelmi and R. Orduña and N. Otte and I. Oya and D. Paneque and R. Paoletti and J. M. Paredes and M. Pasanen and D. Pascoli and F. Pauss and R. Pegna and M. Persic and L. Peruzzo and A. Piccioli and M. Poller and E. Prandini and A. Raymers and W. Rhode and M. Ribó and J. Rico and M. Rissi and A. Robert and S. Rügamer and A. Saggion and A. Sánchez and P. Sartori and V. Scalzotto and V. Scapin and R. Schmitt and T. Schweizer and M. Shayduk and K. Shinozaki and S. N. Shore and N. Sidro and A. Sillanpää and D. Sobczynska and A. Stamerra and L. S. Stark and L. Takalo and P. Temnikov and D. Tescaro and M. Teshima and N. Tonello and A. Torres and D. F. Torres and N. Turini and H. Vankov and V. Vitale and R. M. Wagner and T. Wibig and W. Wittek and R. Zanin and J. Zapatero},
	title = {Observations of Markarian 421 with the MAGIC Telescope},
	journal = {The Astrophysical Journal},
	abstract = {The MAGIC telescope took data of very high energy γ-ray emission from the blazar Markarian 421 (Mrk 421) between 2004 November and 2005 April. We present a combined analysis of data samples recorded under different observational conditions, down to γ-ray energies of 100 GeV. The flux was found to vary between 0.5 and 2 crab (integrated above 200 GeV), considered a low state when compared to known data. Although the flux varied day by day, no short-term variability was observed, although there is some indication that not all nights show an equally quiescent state. The results at higher energies were found to be consistent with previous observations. A clear correlation is observed between γ-ray and X-ray fluxes, whereas no significant correlation between γ-ray and optical data is seen. The spectral energy distribution between 100 GeV and 3 TeV shows a clear deviation from a power law, more clearly and at lower flux than previous observations at higher energies. The deviation persists after correcting for the effect of attenuation by the extragalactic background light, and most likely is source-inherent. There is a rather clear indication of an inverse Compton peak around 100 GeV. The spectral energy distribution of Mrk 421 can be fitted by a one-zone synchrotron self-Compton model, suggesting once again a leptonic origin of the very high energy γ-ray emission from this blazar.}
}
@article{Multi_Mrk421_2005,
	title={A Multiwavelength View of the TeV Blazar Markarian 421: Correlated Variability, Flaring, and Spectral Evolution},
	volume={630},
	ISSN={1538-4357},
	url={http://dx.doi.org/10.1086/431925},
	DOI={10.1086/431925},
	number={1},
	journal={The Astrophysical Journal},
	publisher={American Astronomical Society},
	author={Błażejowski, M. and Blaylock, G. and Bond, I. H. and Bradbury, S. M. and Buckley, J. H. and Carter‐Lewis, D. A. and Celik, O. and Cogan, P. and Cui, W. and Daniel, M. and Duke, C. and Falcone, A. and Fegan, D. J. and Fegan, S. J. and Finley, J. P. and Fortson, L. and Gammell, S. and Gibbs, K. and Gillanders, G. G. and Grube, J. and Gutierrez, K. and Hall, J. and Hanna, D. and Holder, J. and Horan, D. and Humensky, B. and Kenny, G. and Kertzman, M. and Kieda, D. and Kildea, J. and Knapp, J. and Kosack, K. and Krawczynski, H. and Krennrich, F. and Lang, M. and LeBohec, S. and Linton, E. and Lloyd‐Evans, J. and Maier, G. and Mendoza, D. and Milovanovic, A. and Moriarty, P. and Nagai, T. N. and Ong, R. A. and Power‐Mooney, B. and Quinn, J. and Quinn, M. and Ragan, K. and Reynolds, P. T. and Rebillot, P. and Rose, H. J. and Schroedter, M. and Sembroski, G. H. and Swordy, S. P. and Syson, A. and Valcarel, L. and Vassiliev, V. V. and Wakely, S. P. and Walker, G. and Weekes, T. C. and White, R. and Zweerink, J. and Mochejska, B. and Smith, B. and Aller, M. and Aller, H. and Terasranta, H. and Boltwood, P. and Sadun, A. and Stanek, K. and Adams, E. and Foster, J. and Hartman, J. and Lai, K. and Bottcher, M. and Reimer, A. and Jung, I.},
	year={2005},
	month={sep}, 
	pages={130–141} 
}
@ARTICLE{Aharonian_MRK501,
	author = {{Aharonian}, F. and {Akhperjanian}, A.~G. and {Barrio}, J.~A. and {Bernloehr}, K. and {Beteta}, J.~J.~G. and {Bradbury}, S.~M. and {Contreras}, J.~L. and {Cortina}, J. and {Daum}, A. and {Deckers}, T. and {Feigl}, E. and {Fernandez}, J. and {Fonseca}, V. and {Frass}, A. and {Funk}, B. and {Gonzalez}, J.~C. and {Haustein}, V. and {Heinzelmann}, G. and {Hemberger}, M. and {Hermann}, G. and {Hess}, M. and {Heusler}, A. and {Hofmann}, W. and {Holl}, I. and {Horns}, D. and {Kankanian}, R. and {Kirstein}, O. and {Koehler}, C. and {Konopelko}, A. and {Kornmayer}, H. and {Kranich}, D. and {Krawczynski}, H. and {Lampeitl}, H. and {Lindner}, A. and {Lorenz}, E. and {Magnussen}, N. and {Meyer}, H. and {Mirzoyan}, R. and {Moeller}, H. and {Moralejo}, A. and {Padilla}, L. and {Panter}, M. and {Petry}, D. and {Plaga}, R. and {Prahl}, J. and {Prosch}, C. and {Puehlhofer}, G. and {Rauterberg}, G. and {Rhode}, W. and {Rivero}, R. and {Roehring}, A. and {Sahakian}, V. and {Samorski}, M. and {Sanchez}, J.~A. and {Schmele}, D. and {Schmidt}, T. and {Stamm}, W. and {Ulrich}, M. and {Voelk}, H.~J. and {Westerhoff}, S. and {Wiebel-Sooth}, B. and {Wiedner}, C.~A. and {Willmer}, M. and {Wirth}, H.},
	title = {Measurement of the flux, spectrum, and variability of TeV {\ensuremath{\gamma}}-rays from MKN 501 during a state of high activity.},
	journal = {\aap},
	keywords = {GAMMA RAYS: OBSERVATIONS, BL LACERTAE OBJECTS: INDIVIDUAL: MKN 501, Astrophysics},
	year = {1997},
	month = {nov},
	volume = {327},
	pages = {L5-L8},
	doi = {10.48550/arXiv.astro-ph/9706019},
	archivePrefix = {arXiv},
	eprint = {astro-ph/9706019},
	primaryClass = {astro-ph},
	adsurl = {https://ui.adsabs.harvard.edu/abs/1997A&A...327L...5A},
	adsnote = {Provided by the SAO/NASA Astrophysics Data System}
}
@article{Tluczykont_2010,
	title={Long-term lightcurves from combined unified very high energyγ-ray data},
	volume={524},
	ISSN={1432-0746},
	url={http://dx.doi.org/10.1051/0004-6361/201015193},
	DOI={10.1051/0004-6361/201015193},
	journal={Astronomy &amp; Astrophysics},
	publisher={EDP Sciences},
	author={Tluczykont, M. and Bernardini, E. and Satalecka, K. and Clavero, R. and Shayduk, M. and Kalekin, O.},
	year={2010},
	month={nov}, 
	pages={A48} 
}
@article{ICE_CUBE_2018,
	title={Neutrino emission from the direction of the blazar TXS 0506+056 prior to the IceCube-170922A alert},
	volume={361},
	ISSN={1095-9203},
	url={http://dx.doi.org/10.1126/science.aat2890},
	DOI={10.1126/science.aat2890},
	number={6398},
	journal={Science},
	publisher={American Association for the Advancement of Science (AAAS)},
	author={Aartsen, Mark and Ackermann, Markus and Adams, Jenni and Aguilar, Juan Antonio and Ahlers, Markus and Ahrens, Maryon and Al Samarai, Imen and Altmann, David and Andeen, Karen and Anderson, Tyler and Ansseau, Isabelle and Anton, Gisela and Argüelles, Carlos and Arsioli, Bruno and Auffenberg, Jan and Axani, Spencer and Bagherpour, Hadis and Bai, Xinhua and Barron, Jared and Barwick, Steve and Baum, Volker and Bay, Ryan and Beatty, James and Becker, Karl Heinz and Becker Tjus, Julia and BenZvi, Segev and Berley, David and Bernardini, Elisa and Besson, David and Binder, Gary and Bindig, Daniel and Blaufuss, Erik and Blot, Summer and Bohm, Christian and Boerner, Mathis and Bos, Fabian and Boeser, Sebastian and Botner, Olga and Bourbeau, Etienne and Bourbeau, James and Bradascio, Federica and Braun, Jim and Brenzke, Martin and Bretz, Hans-Peter and Bron, Stephanie and Brostean-Kaiser, Jannes and Burgman, Alexander and Busse, Raffaela and Carver, Tessa and Cheung, Edward and Chirkin, Dmitry and Christov, Asen and Clark, Ken and Classen, Lew and Coenders, Stefan and Collin, Gabriel and Conrad, Janet and Coppin, Paul and Correa, Pablo and Cowen, Doug and Cross, Robert and Dave, Pranav and Day, Melanie and de André, Joao Pedro A. M. and De Clercq, Catherine and Delaunay, James and Dembinski, Hans and DeRidder, Sam and Desiati, Paolo and de Vries, Krijn and DeWasseige, Gwenhael and DeWith, Meike and DeYoung, Ty and Díaz-Vélez, Juan Carlos and Di Lorenzo, Vincenzo and Dujmovic, Hrvoje and Dumm, Jonathan and Dunkman, Matt and Dvorak, Emily and Eberhardt, Benjamin and Ehrhardt, Thomas and Eichmann, Bjorn and Eller, Philipp and Evenson, Paul and Fahey, Sam and Fazely, Ali and Felde, John and Filimonov, Kirill and Finley, Chad and Flis, Samuel and Franckowiak, Anna and Friedman, Elizabeth and Fritz, Alexander and Gaisser, Tom and Gallagher, Jay and Gerhardt, Lisa and Ghorbani, Kevin and Giommi, Paolo and Glauch, Theo and Gluesenkamp, Thorsten and Goldschmidt, Azriel and Gonzalez, Javier and Grant, Darren and Griffith, Zachary and Haack, Christian and Hallgren, Allan and Halzen, Francis and Hanson, Kael and Hebecker, Dustin and Heereman, David and Helbing, Klaus and Hellauer, Robert and Hickford, Stephanie and Hignight, Joshua and Hill, Gary and Hoffman, Kara and Hoffmann, Ruth and Hoinka, Tobias and Hokanson-Fasig, Benjamin and Hoshina, Kotoyo and Huang, Feifei and Huber, Matthias and Hultqvist, Klas and Huennefeld, Mirco and Hussain, Raamis and In, Seongjin and Iovine, Nadège and Ishihara, Aya and Jacobi, Emanuel and Japaridze, George and Jeong, Minjin and Jero, Kyle and Jones, Benjamin and Kalaczynski, Piotr and Kang, Woosik and Kappes, Alexander and Kappesser, David and Karg, Timo and Karle, Albrecht and Katz, Uli and Kauer, Matt and Keivani, Azadeh and Kelley, John and Kheirandish, Ali and Kim, JongHyun and Kim, Myoungchul and Kintscher, Thomas and Kiryluk, Joanna and Kittler, Thomas and Klein, Spencer and Koirala, Ramesh and Kolanoski, Hermann and Koepke, Lutz and Kopper, Claudio and Kopper, Sandro and Koschinsky, Jan Paul and Koskinen, Jason and Kowalski, Marek and Krammer, Benedikt and Krings, Kai and Kroll, Mike and Krueckl, Gerald and Kunwar, Samridha and Neilson, Naoko Kurahashi and Kuwabara, Takao and Kyriacou, Alexander and Labare, Mathieu and Lanfranchi, Justin and Larson, Michael and Lauber, Frederik and Leonard, Kayla and Lesiak-Bzdak, Mariola and Leuermann, Martin and Liu, Qinrui and Lozano Mariscal, Cristian Jesús and Lu, Lu and Luenemann, Jan and Luszczak, William and Madsen, James and Maggi, Giuliano and Mahn, Kendall and Mancina, Sarah and Maruyama, Reina and Mase, Keiichi and Maunu, Ryan and Meagher, Kevin and Medici, Morten and Meier, Maximilian and Menne, Thorben and Merino, Gonzalo and Meures, Thomas and Miarecki, Sandy and Micallef, Jessie and Momente, Giulio and Montaruli, Teresa and Moore, Roger and Morse, Robert and Moulai, Marjon and Nahnhauer, Rolf and Nakarmi, Prabandha and Naumann, Uwe and Neer, Garrett and Niederhausen, Hans and Nowicki, Sarah and Nygren, Dave and Pollmann, Anna and Olivas, Alex and Ó Murchadha, Aongus and O’Sullivan, Erin and Padovani, Paolo and Palczewski, Tomasz and Pandya, Hershal and Pankova, Daria and Peiffer, Peter and Pepper, James and Perez de los Heros, Carlos and Pieloth, Damian and Pinat, Elisa and Plum, Matthias and Price, Buford and Przybylski, Gerald and Raab, Christoph and Raedel, Leif and Rameez, Mohamed and Rawlins, Katherine and Rea, Immacolata Carmen and Reimann, Rene and Relethford, Ben and Relich, Matt and Resconi, Elisa and Rhode, Wolfgang and Richman, Mike and Robertson, Sally and Rongen, Martin and Rott, Carsten and Ruhe, Tim and Ryckbosch, Dirk and Rysewyk, Devyn and Safa, Ibrahim and Saelzer, Tobias and Sahakyan, Narek and Sanchez Herrera, Sebastian and Sandrock, Alexander and Sandroos, Joakim and Santander, Marcos and Sarkar, Sourav and Sarkar, Subir and Satalecka, Konstancja and Schlunder, Philipp and Schmidt, Torsten and Schneider, Austin and Schoenen, Sebastian and Schoeneberg, Sebastian and Schumacher, Lisa and Sclanfani, Stephen and Seckel, Dave and Seunarine, Suruj and Soedingrekso, Jan and Soldin, Dennis and Song, Ming and Spiczak, Glenn and Spiering, Christian and Stachurska, Juliana and Stamatikos, Michael and Stanev, Todor and Stasik, Alexander and Stettner, Joeran and Steuer, Anna and Stezelberger, Thorsten and Stokstad, Robert and Stoessl, Achim and Strotjohann, Nora Linn and Stuttard, Thomas and Sullivan, Greg and Sutherland, Michael and Taboada, Ignacio and Tatar, Joulien and Tenholt, Frederik and Ter-Antonyan, Samvel and Terliuk, Andrii and Tilav, Serap and Toale, Pat and Tobin, Moriah and Toennis, Christoph and Toscano, Simona and Tosi, Delia and Tselengidou, Maria and Tung, ChunFai and Turcati, Andrea and Turley, Colin and Ty, Bunheng and Unger, Lisa and Usner, Marcel and Van Driessche, Ward and Van Eijk, Daan and van Eijndhoven, Nick and Vandenbroucke, Justin and Vanheule, Sander and van Santen, Jakob and Vogel, Eric and Vraeghe, Matthias and Walck, Christian and Wallace, Alexander and Wallraff, Marius and Wandler, Frank and Wandkowsky, Nancy and Waza, Aatif and Weaver, Chris and Weiss, Matthew and Wendt, Chris and Werthebach, Johannes and Westerhoff, Stefan and Whelan, Ben and Whitehorn, Nathan and Wiebe, Klaus and Wiebusch, Christopher and Wille, Logan and Williams, Dawn and Wills, Lizz and Wolf, Martin and Wood, Joshua and Wood, Tania and Woschnagg, Kurt and Xu, Donglian and Xu, Xianwu and Xu, Yiqian and Yanez, Juan Pablo and Yodh, Gaurang and Yoshida, Shigeru and Yuan, Tianlu},
	year={2018},
	month={jul}, 
	pages={147–151} 
}
@article{HADRONS_BLARARS,
	title={BL Lac objects in the synchrotron proton blazar model},
	volume={18},
	ISSN={0927-6505},
	url={http://dx.doi.org/10.1016/S0927-6505(02)00185-8},
	DOI={10.1016/s0927-6505(02)00185-8},
	number={6},
	journal={Astroparticle Physics},
	publisher={Elsevier BV},
	author={Mücke, A. and Protheroe, R.J. and Engel, R. and Rachen, J.P. and Stanev, T.},
	year={2003},
	month={mar}, 
	pages={593–613} 
}
@ARTICLE{Aharonian_BLAZARS,
	author = {{Aharonian}, F.~A.},
	title = {TeV gamma rays from BL Lac objects due to synchrotron radiation of extremely high energy protons},
	journal = {\na},
	keywords = {Astrophysics},
	year = {2000},
	month = {nov},
	volume = {5},
	number = {7},
	pages = {377-395},
	doi = {10.1016/S1384-1076(00)00039-7},
	archivePrefix = {arXiv},
	eprint = {astro-ph/0003159},
	primaryClass = {astro-ph},
	adsurl = {https://ui.adsabs.harvard.edu/abs/2000NewA....5..377A},
	adsnote = {Provided by the SAO/NASA Astrophysics Data System}
}
@ARTICLE{JET_COMPTONIZATION,
	author = {{Sikora}, Marek and {Begelman}, Mitchell C. and {Rees}, Martin J.},
	title = {Comptonization of Diffuse Ambient Radiation by a Relativistic Jet: The Source of Gamma Rays from Blazars?},
	journal = {\apj},
	keywords = {Blazars, Electrons, Emission Spectra, Galaxies, Gamma Rays, Plasma Jets, Relativistic Particles, Gamma Ray Spectra, Spectrum Analysis, X Ray Spectra, X Rays, Astrophysics, GALAXIES: JETS, GAMMA RAYS: THEORY, RADIATION MECHANISMS: MISCELLANEOUS},
	year = {1994},
	month = {jan},
	volume = {421},
	pages = {153},
	doi = {10.1086/173633},
	adsurl = {https://ui.adsabs.harvard.edu/abs/1994ApJ...421..153S},
	adsnote = {Provided by the SAO/NASA Astrophysics Data System}
}
@ARTICLE{AGN_classification_1995,
	author = {{Urry}, C. Megan and {Padovani}, Paolo},
	title = {Unified Schemes for Radio-Loud Active Galactic Nuclei},
	journal = {\pasp},
	keywords = {GALAXIES: ACTIVE, GALAXIES: FUNDAMENTAL PARAMETERS, Astrophysics},
	year = {1995},
	month = {sep},
	volume = {107},
	pages = {803},
	doi = {10.1086/133630},
	archivePrefix = {arXiv},
	eprint = {astro-ph/9506063},
	primaryClass = {astro-ph},
	adsurl = {https://ui.adsabs.harvard.edu/abs/1995PASP..107..803U},
	adsnote = {Provided by the SAO/NASA Astrophysics Data System}
}
@ARTICLE{AGN_classification_1993,
	author = {{Antonucci}, Robert},
	title = {Unified models for active galactic nuclei and quasars.},
	journal = {\araa},
	keywords = {Active Galactic Nuclei, Astronomical Polarimetry, Quasars, Radio Galaxies, Astronomical Spectroscopy, Bl Lacertae Objects, Blazars, Astrophysics},
	year = {1993},
	month = {jan},
	volume = {31},
	pages = {473-521},
	doi = {10.1146/annurev.aa.31.090193.002353},
	adsurl = {https://ui.adsabs.harvard.edu/abs/1993ARA&A..31..473A},
	adsnote = {Provided by the SAO/NASA Astrophysics Data System}
}
@ARTICLE{BLANFORD_1982,
	author = {{Blandford}, R.~D. and {Payne}, D.~G.},
	title = {Hydromagnetic flows from accretion disks and the production of radio jets.},
	journal = {\mnras},
	keywords = {Astrophysics, Energy Transfer, Magnetohydrodynamic Flow, Momentum Transfer, Radio Jets (Astronomy), Stellar Mass Accretion, Angular Momentum, Black Holes (Astronomy), Critical Point, Disks (Shapes), Solar Corona, Astrophysics, Accretion Disks:Magnetohydrodynamics, Accretion Disks:Radio Jets, Radio Galaxies:Radio Jets},
	year = {1982},
	month = {jun},
	volume = {199},
	pages = {883-903},
	doi = {10.1093/mnras/199.4.883},
	adsurl = {https://ui.adsabs.harvard.edu/abs/1982MNRAS.199..883B},
	adsnote = {Provided by the SAO/NASA Astrophysics Data System}
}
@ARTICLE{BLANFORD_1977,
	author = {{Blandford}, R.~D. and {Znajek}, R.~L.},
	title = {Electromagnetic extraction of energy from Kerr black holes.},
	journal = {\mnras},
	keywords = {Black Holes (Astronomy), Electromagnetic Fields, Energy Sources, Rotating Matter, Active Galactic Nuclei, Astrophysics, Electron-Positron Pairs, Pair Production, Astrophysics},
	year = {1977},
	month = {may},
	volume = {179},
	pages = {433-456},
	doi = {10.1093/mnras/179.3.433},
	adsurl = {https://ui.adsabs.harvard.edu/abs/1977MNRAS.179..433B},
	adsnote = {Provided by the SAO/NASA Astrophysics Data System}
}
@article{Bykov_2021,
	doi = {10.3847/2041-8213/ac2f3d},
	url = {https://dx.doi.org/10.3847/2041-8213/ac2f3d},
	year = {2021},
	month = {oct},
	publisher = {The American Astronomical Society},
	volume = {921},
	number = {1},
	pages = {L10},
	author = {A. M. Bykov and A. E. Petrov and M. E. Kalyashova and S. V. Troitsky},
	title = {PeV Photon and Neutrino Flares from Galactic Gamma-Ray Binaries},
	journal = {The Astrophysical Journal Letters},
	abstract = {The high-energy radiation from short period binaries containing a massive star with a compact relativistic companion was detected from radio to TeV γ-rays. We show here that PeV regime protons can be efficiently accelerated in the regions of collision of relativistic outflows of a compact object with stellar winds in these systems. The accelerated proton spectra in the presented Monte Carlo model have an upturn in the PeV regime and can provide very hard spectra of sub-PeV photons and neutrinos by photomeson processes in the stellar radiation field. The recent report of a possible sub-PeV γ-ray flare in coincidence with a high-energy neutrino can be understood in the frame of this model. The γ-ray binaries may contribute substantially to the Galactic component of the detected high-energy neutrino flux.}
}
@article{Bykov_2022,
	title={Modeling of GeV-TeV gamma-ray emission of Cygnus Cocoon},
	volume={70},
	ISSN={0273-1177},
	url={http://dx.doi.org/10.1016/j.asr.2022.01.029},
	DOI={10.1016/j.asr.2022.01.029},
	number={9},
	journal={Advances in Space Research},
	publisher={Elsevier BV},
	author={Bykov, A.M. and Kalyashova, M.E.},
	year={2022},
	month={nov}, 
	pages={2685–2695} 
}
@article{Dzhappuev_2021,
	doi = {10.3847/2041-8213/ac14b2},
	url = {https://dx.doi.org/10.3847/2041-8213/ac14b2},
	year = {2021},
	month = {aug},
	publisher = {The American Astronomical Society},
	volume = {916},
	number = {2},
	pages = {L22},
	author = {D. D. Dzhappuev and Yu. Z. Afashokov and I. M. Dzaparova and T. A. Dzhatdoev and E. A. Gorbacheva and I. S. Karpikov and M. M. Khadzhiev and N. F. Klimenko and A. U. Kudzhaev and A. N. Kurenya and A. S. Lidvansky and O. I. Mikhailova and V. B. Petkov and E. I. Podlesnyi and V. S. Romanenko and G. I. Rubtsov and S. V. Troitsky and I. B. Unatlokov and I. A. Vaiman and A. F. Yanin and Ya. V. Zhezher and K. V. Zhuravleva and (Carpet–3 Group)},
	title = {Observation of Photons above 300 TeV Associated with a High-energy Neutrino from the Cygnus Region},
	journal = {The Astrophysical Journal Letters},
	abstract = {Galactic sites of acceleration of cosmic rays to energies of order 1015 eV and higher, dubbed PeVatrons, reveal themselves by recently discovered gamma radiation of energies above 100 TeV. However, joint gamma-ray and neutrino production, which marks unambiguously cosmic-ray interactions with ambient matter and radiation, was not observed until now. In 2020 November, the IceCube neutrino observatory reported an ∼150 TeV neutrino event from the direction of one of the most promising Galactic PeVatrons, the Cygnus Cocoon. Here we report on the observation of a 3.1σ (post-trial) excess of atmospheric air showers from the same direction, observed by the Carpet–2 experiment and consistent with a few months flare in photons above 300 TeV, in temporal coincidence with the neutrino event. The fluence of the gamma-ray flare is of the same order as that expected from the neutrino observation, assuming the standard mechanism of neutrino production. This is the first evidence for the joint production of high-energy neutrinos and gamma-rays in a Galactic source.}
}
@ARTICLE{IceCube_Cocoon_2020,
	author = {IceCube Collaboration},
	title = {IceCube-201120A: IceCube observation of a high-energy neutrino candidate event},
	journal = {GRB Coordinates Network},
	year = 2020,
	month = nov,
	volume = {28927},
	pages = {1},
	adsurl = {https://ui.adsabs.harvard.edu/abs/2020GCN.28927....1I},
	adsnote = {Provided by the SAO/NASA Astrophysics Data System}
}
@ARTICLE{HAWC_COCOON,
	author = {{Abeysekara}, A.~U. and {Albert}, A. and {Alfaro}, R. and {Alvarez}, C. and {Camacho}, J.~R. Angeles and {Arteaga-Vel{\'a}zquez}, J.~C. and {Arunbabu}, K.~P. and {Rojas}, D. Avila and {Solares}, H.~A. Ayala and {Baghmanyan}, V. and {Belmont-Moreno}, E. and {BenZvi}, S.~Y. and {Blandford}, R. and {Brisbois}, C. and {Caballero-Mora}, K.~S. and {Capistr{\'a}n}, T. and {Carrami{\~n}ana}, A. and {Casanova}, S. and {Cotti}, U. and {Le{\'o}n}, S. Couti{\~n}o de and {De la Fuente}, E. and {Hernandez}, R. Diaz and {Dingus}, B.~L. and {DuVernois}, M.~A. and {Durocher}, M. and {D{\'\i}az-V{\'e}lez}, J.~C. and {Ellsworth}, R.~W. and {Engel}, K. and {Espinoza}, C. and {Fan}, K.~L. and {Fang}, K. and {Fleischhack}, H. and {Fraija}, N. and {Galv{\'a}n-G{\'a}mez}, A. and {Garcia}, D. and {Garc{\'\i}a-Gonz{\'a}lez}, J.~A. and {Garfias}, F. and {Giacinti}, G. and {Gonz{\'a}lez}, M.~M. and {Goodman}, J.~A. and {Harding}, J.~P. and {Hernandez}, S. and {Hinton}, J. and {Hona}, B. and {Huang}, D. and {Hueyotl-Zahuantitla}, F. and {H{\"u}ntemeyer}, P. and {Iriarte}, A. and {Jardin-Blicq}, A. and {Joshi}, V. and {Kieda}, D. and {Lara}, A. and {Lee}, W.~H. and {Vargas}, H. Le{\'o}n and {Linnemann}, J.~T. and {Longinotti}, A.~L. and {Luis-Raya}, G. and {Lundeen}, J. and {Malone}, K. and {Martinez}, O. and {Martinez-Castellanos}, I. and {Mart{\'\i}nez-Castro}, J. and {Matthews}, J.~A. and {Miranda-Romagnoli}, P. and {Morales-Soto}, J.~A. and {Moreno}, E. and {Mostaf{\'a}}, M. and {Nayerhoda}, A. and {Nellen}, L. and {Newbold}, M. and {Nisa}, M.~U. and {Noriega-Papaqui}, R. and {Olivera-Nieto}, L. and {Omodei}, N. and {Peisker}, A. and {P{\'e}rez Araujo}, Y. and {P{\'e}rez-P{\'e}rez}, E.~G. and {Ren}, Z. and {Rho}, C.~D. and {Rosa-Gonz{\'a}lez}, D. and {Ruiz-Velasco}, E. and {Salazar}, H. and {Greus}, F. Salesa and {Sandoval}, A. and {Schneider}, M. and {Schoorlemmer}, H. and {Serna}, F. and {Smith}, A.~J. and {Springer}, R.~W. and {Surajbali}, P. and {Tollefson}, K. and {Torres}, I. and {Torres-Escobedo}, R. and {Ure{\~n}a-Mena}, F. and {Weisgarber}, T. and {Werner}, F. and {Willox}, E. and {Zepeda}, A. and {Zhou}, H. and {De Le{\'o}n}, C. and {{\'A}lvarez}, J.~D.},
	title = {HAWC observations of the acceleration of very-high-energy cosmic rays in the Cygnus Cocoon},
	journal = {Nature Astronomy},
	keywords = {Astrophysics - High Energy Astrophysical Phenomena},
	year = {2021},
	month = {may},
	volume = {5},
	pages = {465-471},
	doi = {10.1038/s41550-021-01318-y},
	archivePrefix = {arXiv},
	eprint = {2103.06820},
	primaryClass = {astro-ph.HE},
	adsurl = {https://ui.adsabs.harvard.edu/abs/2021NatAs...5..465A},
	adsnote = {Provided by the SAO/NASA Astrophysics Data System}
}
@ARTICLE{LHASSO_NATURE,
	title = {Ultrahigh-energy photons up to 1.4 petaelectronvolts from 12 {\ensuremath{\gamma}}-ray Galactic sources},
	author = {{Cao}, Zhen and {Aharonian}, F.~A. and {An}, Q. and {Axikegu}, Bai, L.~X. and {Bai}, Y.~X. and {Bao}, Y.~W. and {Bastieri}, D. and {Bi}, X.~J. and {Bi}, Y.~J. and {Cai}, H. and {Cai}, J.~T. and {Cao}, Zhe and {Chang}, J. and {Chang}, J.~F. and {Chang}, X.~C. and {Chen}, B.~M. and {Chen}, J. and {Chen}, L. and {Chen}, Liang and {Chen}, Long and {Chen}, M.~J. and {Chen}, M.~L. and {Chen}, Q.~H. and {Chen}, S.~H. and {Chen}, S.~Z. and {Chen}, T.~L. and {Chen}, X.~L. and {Chen}, Y. and {Cheng}, N. and {Cheng}, Y.~D. and {Cui}, S.~W. and {Cui}, X.~H. and {Cui}, Y.~D. and {Dai}, B.~Z. and {Dai}, H.~L. and {Dai}, Z.~G. and {Danzengluobu} and {della Volpe}, D. and {D'Ettorre Piazzoli}, B. and {Dong}, X.~J. and {Fan}, J.~H. and {Fan}, Y.~Z. and {Fan}, Z.~X. and {Fang}, J. and {Fang}, K. and {Feng}, C.~F. and {Feng}, L. and {Feng}, S.~H. and {Feng}, Y.~L. and {Gao}, B. and {Gao}, C.~D. and {Gao}, Q. and {Gao}, W. and {Ge}, M.~M. and {Geng}, L.~S. and {Gong}, G.~H. and {Gou}, Q.~B. and {Gu}, M.~H. and {Guo}, J.~G. and {Guo}, X.~L. and {Guo}, Y.~Q. and {Guo}, Y.~Y. and {Han}, Y.~A. and {He}, H.~H. and {He}, H.~N. and {He}, J.~C. and {He}, S.~L. and {He}, X.~B. and {He}, Y. and {Heller}, M. and {Hor}, Y.~K. and {Hou}, C. and {Hou}, X. and {Hu}, H.~B. and {Hu}, S. and {Hu}, S.~C. and {Hu}, X.~J. and {Huang}, D.~H. and {Huang}, Q.~L. and {Huang}, W.~H. and {Huang}, X.~T. and {Huang}, Z.~C. and {Ji}, F. and {Ji}, X.~L. and {Jia}, H.~Y. and {Jiang}, K. and {Jiang}, Z.~J. and {Jin}, C. and {Kuleshov}, D. and {Levochkin}, K. and {Li}, B.~B. and {Li}, Cong and {Li}, Cheng and {Li}, F. and {Li}, H.~B. and {Li}, H.~C. and {Li}, H.~Y. and {Li}, J. and {Li}, K. and {Li}, W.~L. and {Li}, X. and {Li}, Xin and {Li}, X.~R. and {Li}, Y. and {Li}, Y.~Z. and {Li}, Zhe and {Li}, Zhuo and {Liang}, E.~W. and {Liang}, Y.~F. and {Lin}, S.~J. and {Liu}, B. and {Liu}, C. and {Liu}, D. and {Liu}, H. and {Liu}, H.~D. and {Liu}, J. and {Liu}, J.~L. and {Liu}, J.~S. and {Liu}, J.~Y. and {Liu}, M.~Y. and {Liu}, R.~Y. and {Liu}, S.~M. and {Liu}, W. and {Liu}, Y.~N. and {Liu}, Z.~X. and {Long}, W.~J. and {Lu}, R. and {Lv}, H.~K. and {Ma}, B.~Q. and {Ma}, L.~L. and {Ma}, X.~H. and {Mao}, J.~R. and {Masood}, A. and {Mitthumsiri}, W. and {Montaruli}, T. and {Nan}, Y.~C. and {Pang}, B.~Y. and {Pattarakijwanich}, P. and {Pei}, Z.~Y. and {Qi}, M.~Y. and {Ruffolo}, D. and {Rulev}, V. and {S{\'a}iz}, A. and {Shao}, L. and {Shchegolev}, O. and {Sheng}, X.~D. and {Shi}, J.~R. and {Song}, H.~C. and {Stenkin}, Yu. V. and {Stepanov}, V. and {Sun}, Q.~N. and {Sun}, X.~N. and {Sun}, Z.~B. and {Tam}, P.~H.~T. and {Tang}, Z.~B. and {Tian}, W.~W. and {Wang}, B.~D. and {Wang}, C. and {Wang}, H. and {Wang}, H.~G. and {Wang}, J.~C. and {Wang}, J.~S. and {Wang}, L.~P. and {Wang}, L.~Y. and {Wang}, R.~N. and {Wang}, W. and {Wang}, W. and {Wang}, X.~G. and {Wang}, X.~J. and {Wang}, X.~Y. and {Wang}, Y.~D. and {Wang}, Y.~J. and {Wang}, Y.~P. and {Wang}, Zheng and {Wang}, Zhen and {Wang}, Z.~H. and {Wang}, Z.~X. and {Wei}, D.~M. and {Wei}, J.~J. and {Wei}, Y.~J. and {Wen}, T. and {Wu}, C.~Y. and {Wu}, H.~R. and {Wu}, S. and {Wu}, W.~X. and {Wu}, X.~F. and {Xi}, S.~Q. and {Xia}, J. and {Xia}, J.~J. and {Xiang}, G.~M. and {Xiao}, G. and {Xiao}, H.~B. and {Xin}, G.~G. and {Xin}, Y.~L. and {Xing}, Y. and {Xu}, D.~L. and {Xu}, R.~X. and {Xue}, L. and {Yan}, D.~H. and {Yang}, C.~W. and {Yang}, F.~F. and {Yang}, J.~Y. and {Yang}, L.~L. and {Yang}, M.~J. and {Yang}, R.~Z. and {Yang}, S.~B. and {Yao}, Y.~H. and {Yao}, Z.~G. and {Ye}, Y.~M. and {Yin}, L.~Q. and {Yin}, N. and {You}, X.~H. and {You}, Z.~Y. and {Yu}, Y.~H. and {Yuan}, Q. and {Zeng}, H.~D. and {Zeng}, T.~X. and {Zeng}, W. and {Zeng}, Z.~K. and {Zha}, M. and {Zhai}, X.~X. and {Zhang}, B.~B. and {Zhang}, H.~M. and {Zhang}, H.~Y. and {Zhang}, J.~L. and {Zhang}, J.~W. and {Zhang}, L. and {Zhang}, Li and {Zhang}, L.~X. and {Zhang}, P.~F. and {Zhang}, P.~P. and {Zhang}, R. and {Zhang}, S.~R. and {Zhang}, S.~S. and {Zhang}, X. and {Zhang}, X.~P. and {Zhang}, Yong and {Zhang}, Yi and {Zhang}, Y.~F. and {Zhang}, Y.~L. and {Zhao}, B. and {Zhao}, J. and {Zhao}, L. and {Zhao}, L.~Z. and {Zhao}, S.~P. and {Zheng}, F. and {Zheng}, Y. and {Zhou}, B. and {Zhou}, H. and {Zhou}, J.~N. and {Zhou}, P. and {Zhou}, R. and {Zhou}, X.~X. and {Zhu}, C.~G. and {Zhu}, F.~R. and {Zhu}, H. and {Zhu}, K.~J. and {Zuo}, X.},
	journal = {\nat},
	year = {2021},
	month = {jun},
	volume = {594},
	number = {7861},
	pages = {33-36},
	doi = {10.1038/s41586-021-03498-z},
	adsurl = {https://ui.adsabs.harvard.edu/abs/2021Natur.594...33C},
	adsnote = {Provided by the SAO/NASA Astrophysics Data System}
}
@ARTICLE{HAWC_Boomerang,
	title = {HAWC J2227+610 and Its Association with G106.3+2.7, a New Potential Galactic PeVatron},
	journal = {\apjl},
	author = {{Albert}, A. and {Alfaro}, R. and {Alvarez}, C. and {Camacho}, J.~R. Angeles and {Arteaga-Vel{\'a}zquez}, J.~C. and {Arunbabu}, K.~P. and {Avila Rojas}, D. and {Ayala Solares}, H.~A. and {Baghmanyan}, V. and {Belmont-Moreno}, E. and {BenZvi}, S.~Y. and {Brisbois}, C. and {Caballero-Mora}, K.~S. and {Capistr{\'a}n}, T. and {Carrami{\~n}ana}, A. and {Casanova}, S. and {Cotti}, U. and {Cotzomi}, J. and {Couti{\~n}o de Le{\'o}n}, S. and {De la Fuente}, E. and {Diaz-Cruz}, L. and {Dingus}, B.~L. and {DuVernois}, M.~A. and {D{\'\i}az-V{\'e}lez}, J.~C. and {Ellsworth}, R.~W. and {Engel}, K. and {Espinoza}, C. and {Fan}, K.~L. and {Fang}, K. and {Fern{\'a}ndez Alonso}, M. and {Fleischhack}, H. and {Fraija}, N. and {Galv{\'a}n-G{\'a}mez}, A. and {Garcia}, D. and {Garc{\'\i}a-Gonz{\'a}lez}, J.~A. and {Garfias}, F. and {Giacinti}, G. and {Gonz{\'a}lez}, M.~M. and {Goodman}, J.~A. and {Harding}, J.~P. and {Hernandez}, S. and {Hinton}, J. and {Hona}, B. and {Huang}, D. and {Hueyotl-Zahuantitla}, F. and {H{\"u}ntemeyer}, P. and {Iriarte}, A. and {Jardin-Blicq}, A. and {Joshi}, V. and {Lee}, W.~H. and {Le{\'o}n Vargas}, H. and {Linnemann}, J.~T. and {Longinotti}, A.~L. and {Luis-Raya}, G. and {Lundeen}, J. and {Malone}, K. and {Marinelli}, S.~S. and {Martinez}, O. and {Martinez-Castellanos}, I. and {Mart{\'\i}nez-Castro}, J. and {Matthews}, J.~A. and {Miranda-Romagnoli}, P. and {Morales-Soto}, J.~A. and {Moreno}, E. and {Mostaf{\'a}}, M. and {Nayerhoda}, A. and {Nellen}, L. and {Newbold}, M. and {Nisa}, M.~U. and {Noriega-Papaqui}, R. and {Omodei}, N. and {Peisker}, A. and {P{\'e}rez Araujo}, Y. and {P{\'e}rez-P{\'e}rez}, E.~G. and {Rho}, C.~D. and {Rosa-Gonz{\'a}lez}, D. and {Ruiz-Velasco}, E. and {Salazar}, H. and {Salesa Greus}, F. and {Sandoval}, A. and {Schneider}, M. and {Schoorlemmer}, H. and {Serna Franco}, J. and {Sinnis}, G. and {Smith}, A.~J. and {Springer}, R.~W. and {Surajbali}, P. and {Tabachnick}, E. and {Tanner}, M. and {Tibolla}, O. and {Tollefson}, K. and {Torres}, I. and {Torres-Escobedo}, R. and {Ure{\~n}a-Mena}, F. and {Villase{\~n}or}, L. and {Weisgarber}, T. and {Zepeda}, A. and {Zhou}, H. and {de Le{\'o}n}, C. and {{\'A}lvarez}, J.~D. and {HAWC Collaboration}},
	keywords = {Gamma-ray astronomy, Gamma-ray sources, Gamma-rays, Cosmic ray sources, Supernova remnants, Gamma-ray observatories, 628, 633, 637, 328, 1667, 632, Astrophysics - High Energy Astrophysical Phenomena},
	year = {2020},
	month = {jun},
	volume = {896},
	number = {2},
	eid = {L29},
	pages = {L29},
	doi = {10.3847/2041-8213/ab96cc},
	archivePrefix = {arXiv},
	eprint = {2005.13699},
	primaryClass = {astro-ph.HE},
	adsurl = {https://ui.adsabs.harvard.edu/abs/2020ApJ...896L..29A},
	adsnote = {Provided by the SAO/NASA Astrophysics Data System}
}
@article{Acciari_Cygni,
	title={Study of the GeV to TeV morphology of the γ Cygni SNR (G 78.2+2.1) with MAGIC and Fermi-LAT: Evidence for cosmic ray escape},
	volume={670},
	ISSN={1432-0746},
	url={http://dx.doi.org/10.1051/0004-6361/202038748},
	DOI={10.1051/0004-6361/202038748},
	journal={Astronomy &amp; Astrophysics},
	publisher={EDP Sciences},
	author={Acciari, V. A. and Ansoldi, S. and Antonelli, L. A. and Arbet Engels, A. and Baack, D. and Babić, A. and Banerjee, B. and Barres de Almeida, U. and Barrio, J. A. and Becerra González, J. and Bednarek, W. and Bellizzi, L. and Bernardini, E. and Berti, A. and Besenrieder, J. and Bhattacharyya, W. and Bigongiari, C. and Biland, A. and Blanch, O. and Bonnoli, G. and Bošnjak, Ž. and Busetto, G. and Carosi, R. and Ceribella, G. and Cerruti, M. and Chai, Y. and Chilingarian, A. and Cikota, S. and Colak, S. M. and Colin, U. and Colombo, E. and Contreras, J. L. and Cortina, J. and Covino, S. and D’Elia, V. and Da Vela, P. and Dazzi, F. and De Angelis, A. and De Lotto, B. and Delfino, M. and Delgado, J. and Depaoli, D. and Di Pierro, F. and Di Venere, L. and Do Souto Espiñeira, E. and Dominis Prester, D. and Donini, A. and Dorner, D. and Doro, M. and Elsaesser, D. and Fallah Ramazani, V. and Fattorini, A. and Ferrara, G. and Foffano, L. and Fonseca, M. V. and Font, L. and Fruck, C. and Fukami, S. and García López, R. J. and Garczarczyk, M. and Gasparyan, S. and Gaug, M. and Giglietto, N. and Giordano, F. and Gliwny, P. and Godinović, N. and Green, D. and Hadasch, D. and Hahn, A. and Herrera, J. and Hoang, J. and Hrupec, D. and Hütten, M. and Inada, T. and Inoue, S. and Ishio, K. and Iwamura, Y. and Jouvin, L. and Kajiwara, Y. and Karjalainen, M. and Kerszberg, D. and Kobayashi, Y. and Kubo, H. and Kushida, J. and Lamastra, A. and Lelas, D. and Leone, F. and Lindfors, E. and Lombardi, S. and Longo, F. and López, M. and López-Coto, R. and López-Oramas, A. and Loporchio, S. and Machado de Oliveira Fraga, B. and Masuda, S. and Maggio, C. and Majumdar, P. and Makariev, M. and Mallamaci, M. and Maneva, G. and Manganaro, M. and Mannheim, K. and Maraschi, L. and Mariotti, M. and Martínez, M. and Mazin, D. and Mender, S. and Mićanović, S. and Miceli, D. and Miener, T. and Minev, M. and Miranda, J. M. and Mirzoyan, R. and Molina, E. and Moralejo, A. and Morcuende, D. and Moreno, V. and Moretti, E. and Munar-Adrover, P. and Neustroev, V. and Nigro, C. and Nilsson, K. and Ninci, D. and Nishijima, K. and Noda, K. and Nogués, L. and Nozaki, S. and Ohtani, Y. and Oka, T. and Otero-Santos, J. and Palatiello, M. and Paneque, D. and Paoletti, R. and Paredes, J. M. and Pavletić, L. and Peñil, P. and Peresano, M. and Persic, M. and Prada Moroni, P. G. and Prandini, E. and Puljak, I. and Rhode, W. and Ribó, M. and Rico, J. and Righi, C. and Rugliancich, A. and Saha, L. and Sahakyan, N. and Saito, T. and Sakurai, S. and Satalecka, K. and Schleicher, B. and Schmidt, K. and Schweizer, T. and Sitarek, J. and Šnidarić, I. and Sobczynska, D. and Spolon, A. and Stamerra, A. and Strom, D. and Strzys, M. and Suda, Y. and Surić, T. and Takahashi, M. and Tavecchio, F. and Temnikov, P. and Terzić, T. and Teshima, M. and Torres-Albà, N. and Tosti, L. and van Scherpenberg, J. and Vanzo, G. and Vazquez Acosta, M. and Ventura, S. and Verguilov, V. and Vigorito, C. F. and Vitale, V. and Vovk, I. and Will, M. and Zarić, D. and Celli, S. and Morlino, G.},
	year={2023},
	month={jan}, 
	pages={A8} 
}
@ARTICLE{2021ApJ_915_84F,
	title = "{Pursuing the Origin of the Gamma Rays in RX J1713.7-3946 Quantifying the Hadronic and Leptonic Components}",
	author = {{Fukui}, Yasuo and {Sano}, Hidetoshi and {Yamane}, Yumiko and {Hayakawa}, Takahiro and {Inoue}, Tsuyoshi and {Tachihara}, Kengo and {Rowell}, Gavin and {Einecke}, Sabrina},
	journal = {\apj},
	keywords = {Supernova remnants, Interstellar medium, Cosmic ray sources, Gamma-ray sources, X-ray sources, 1667, 847, 328, 633, 1822, Astrophysics - High Energy Astrophysical Phenomena, Astrophysics - Astrophysics of Galaxies},
	year = 2021,
	month = jul,
	volume = {915},
	number = {2},
	eid = {84},
	pages = {84},
	doi = {10.3847/1538-4357/abff4a},
	archivePrefix = {arXiv},
	eprint = {2105.02734},
	primaryClass = {astro-ph.HE},
	adsurl = {https://ui.adsabs.harvard.edu/abs/2021ApJ...915...84F},
	adsnote = {Provided by the SAO/NASA Astrophysics Data System}
}
@article{Aharonian_2004,
	title={High-energy particle acceleration in the shell of a supernova remnant},
	volume={432},
	ISSN={1476-4687},
	url={http://dx.doi.org/10.1038/nature02960},
	DOI={10.1038/nature02960},
	number={7013},
	journal={Nature},
	publisher={Springer Science and Business Media LLC},
	author={Aharonian, F. A. and Akhperjanian, A. G. and Aye, K.-M. and Bazer-Bachi, A. R. and Beilicke, M. and Benbow, W. and Berge, D. and Berghaus, P. and Bernlöhr, K. and Bolz, O. and Boisson, C. and Borgmeier, C. and Breitling, F. and Brown, A. M. and Bussons Gordo, J. and Chadwick, P. M. and Chitnis, V. R. and Chounet, L.-M. and Cornils, R. and Costamante, L. and Degrange, B. and Djannati-Ataï, A. and Drury, L. O’C. and Ergin, T. and Espigat, P. and Feinstein, F. and Fleury, P. and Fontaine, G. and Funk, S. and Gallant, Y. A. and Giebels, B. and Gillessen, S. and Goret, P. and Guy, J. and Hadjichristidis, C. and Hauser, M. and Heinzelmann, G. and Henri, G. and Hermann, G. and Hinton, J. A. and Hofmann, W. and Holleran, M. and Horns, D. and de Jager, O. C. and Jung, I. and Khélifi, B. and Komin, Nu. and Konopelko, A. and Latham, I. J. and Le Gallou, R. and Lemoine, M. and Lemière, A. and Leroy, N. and Lohse, T. and Marcowith, A. and Masterson, C. and McComb, T. J. L. and de Naurois, M. and Nolan, S. J. and Noutsos, A. and Orford, K. J. and Osborne, J. L. and Ouchrif, M. and Panter, M. and Pelletier, G. and Pita, S. and Pohl, M. and Pühlhofer, G. and Punch, M. and Raubenheimer, B. C. and Raue, M. and Raux, J. and Rayner, S. M. and Redondo, I. and Reimer, A. and Reimer, O. and Ripken, J. and Rivoal, M. and Rob, L. and Rolland, L. and Rowell, G. and Sahakian, V. and Saugé, L. and Schlenker, S. and Schlickeiser, R. and Schuster, C. and Schwanke, U. and Siewert, M. and Sol, H. and Steenkamp, R. and Stegmann, C. and Tavernet, J.-P. and Théoret, C. G. and Tluczykont, M. and van der Walt, D. J. and Vasileiadis, G. and Vincent, P. and Visser, B. and Völk, H. J. and Wagner, S. J.},
	year={2004},
	month=nov, pages={75–77} }

@misc{muraishi2000evidence,
	title={Evidence for TeV gamma-ray emission from the shell type SNR RXJ1713.7-3946}, 
	author={H. Muraishi and T. Tanimori and S. Yanagita and T. Yoshida and M. Moriya and T. Kifune and S. A. Dazeley and P. G. Edwards and S. Gunji and S. Hara and T. Hara and A. Kawachi and H. Kubo and Y. Matsubara and Y. Mizumoto and M. Mori and Y. Muraki and T. Naito and K. Nishijima and J. R. Patterson and G. P. Rowell and T. Sako and K. Sakurazawa and R. Susukita and T. Tamura and T. Yoshikoshi},
	year={2000},
	eprint={astro-ph/0001047},
	archivePrefix={arXiv},
	primaryClass={astro-ph}
}
@article{Vela_HESS_Suzaku,
	title={H.E.S.S. andSuzakuobservations of the Vela X pulsar wind nebula},
	volume={627},
	ISSN={1432-0746},
	url={http://dx.doi.org/10.1051/0004-6361/201935458},
	DOI={10.1051/0004-6361/201935458},
	journal={Astronomy &amp; Astrophysics},
	publisher={EDP Sciences},
	author={Abdalla, H. and Aharonian, F. and Ait Benkhali, F. and Angüner, E. O. and Arakawa, M. and Arcaro, C. and Armand, C. and Backes, M. and Barnard, M. and Becherini, Y. and Berge, D. and Bernlöhr, K. and Blackwell, R. and Böttcher, M. and Boisson, C. and Bolmont, J. and Bonnefoy, S. and Bregeon, J. and Brun, F. and Brun, P. and Bryan, M. and Büchele, M. and Bulik, T. and Bylund, T. and Capasso, M. and Caroff, S. and Carosi, A. and Casanova, S. and Cerruti, M. and Chakraborty, N. and Chand, T. and Chandra, S. and Chaves, R. C. G. and Chen, A. and Colafrancesco, S. and Condon, B. and Davids, I. D. and Deil, C. and Devin, J. and deWilt, P. and Dirson, L. and Djannati-Ataï, A. and Dmytriiev, A. and Donath, A. and Doroshenko, V. and Drury, L. O’C. and Dyks, J. and Egberts, K. and Emery, G. and Ernenwein, J.-P. and Eschbach, S. and Feijen, K. and Fegan, S. and Fiasson, A. and Fontaine, G. and Funk, S. and Füßling, M. and Gabici, S. and Gallant, Y. A. and Gaté, F. and Giavitto, G. and Glawion, D. and Glicenstein, J. F. and Gottschall, D. and Grondin, M.-H. and Hahn, J. and Haupt, M. and Heinzelmann, G. and Henri, G. and Hermann, G. and Hinton, J. A. and Hofmann, W. and Hoischen, C. and Holch, T. L. and Holler, M. and Horns, D. and Huber, D. and Iwasaki, H. and Jacholkowska, A. and Jamrozy, M. and Jankowsky, D. and Jankowsky, F. and Jouvin, L. and Jung-Richardt, I. and Kastendieck, M. A. and Katarzyński, K. and Katsuragawa, M. and Katz, U. and Khangulyan, D. and Khélifi, B. and King, J. and Klepser, S. and Kluźniak, W. and Komin, Nu. and Kosack, K. and Kostunin, D. and Kraus, M. and Lamanna, G. and Lau, J. and Lemière, A. and Lemoine-Goumard, M. and Lenain, J.-P. and Leser, E. and Lohse, T. and López-Coto, R. and Lypova, I. and Malyshev, D. and Marandon, V. and Marcowith, A. and Mariaud, C. and Martí-Devesa, G. and Marx, R. and Maurin, G. and Maxted, N. I. and Meintjes, P. J. and Mitchell, A. M. W. and Moderski, R. and Mohamed, M. and Mohrmann, L. and Moore, C. and Moulin, E. and Murach, T. and Nakashima, S. and de Naurois, M. and Ndiyavala, H. and Niederwanger, F. and Niemiec, J. and Oakes, L. and O’Brien, P. and Odaka, H. and Ohm, S. and de Ona Wilhelmi, E. and Ostrowski, M. and Oya, I. and Panter, M. and Parsons, R. D. and Perennes, C. and Petrucci, P.-O. and Peyaud, B. and Piel, Q. and Pita, S. and Poireau, V. and Priyana Noel, A. and Prokhorov, D. A. and Prokoph, H. and Pühlhofer, G. and Punch, M. and Quirrenbach, A. and Raab, S. and Rauth, R. and Reimer, A. and Reimer, O. and Renaud, M. and Rieger, F. and Rinchiuso, L. and Romoli, C. and Rowell, G. and Rudak, B. and Ruiz-Velasco, E. and Sahakian, V. and Saito, S. and Sanchez, D. A. and Santangelo, A. and Sasaki, M. and Schlickeiser, R. and Schüssler, F. and Schulz, A. and Schutte, H. and Schwanke, U. and Schwemmer, S. and Seglar-Arroyo, M. and Senniappan, M. and Seyffert, A. S. and Shafi, N. and Shilon, I. and Shiningayamwe, K. and Simoni, R. and Sinha, A. and Sol, H. and Specovius, A. and Spir-Jacob, M. and Stawarz, Ł. and Steenkamp, R. and Stegmann, C. and Steppa, C. and Takahashi, T. and Tavernet, J.-P. and Tavernier, T. and Taylor, A. M. and Terrier, R. and Tibaldo, L. and Tiziani, D. and Tluczykont, M. and Trichard, C. and Tsirou, M. and Tsuji, N. and Tuffs, R. and Uchiyama, Y. and van der Walt, D. J. and van Eldik, C. and van Rensburg, C. and van Soelen, B. and Vasileiadis, G. and Veh, J. and Venter, C. and Vincent, P. and Vink, J. and Voisin, F. and Völk, H. J. and Vuillaume, T. and Wadiasingh, Z. and Wagner, S. J. and White, R. and Wierzcholska, A. and Yang, R. and Yoneda, H. and Zaborov, D. and Zacharias, M. and Zanin, R. and Zdziarski, A. A. and Zech, A. and Ziegler, A. and Zorn, J. and Żywucka, N.},
	year={2019},
	month={jul}, 
	pages={A100}
}
@article{PWN_cr_source,
	title = "{Pulsar Wind Nebulae inside Supernova Remnants as Cosmic-Ray PeVatrons}",
	journal = {Monthly Notices of the Royal Astronomical Society},
	volume = {478},
	number = {1},
	pages = {926-931},
	year = {2018},
	month = {05},
	author = {Ohira, Yutaka and Kisaka, Shota and Yamazaki, Ryo},
	abstract = "{We propose that cosmic ray PeVatrons are pulsar wind nebulae (PWNe) inside supernova remnants (SNRs). The PWN initially expands into the freely expanding stellar ejecta. Then, the PWN catches up with the shocked region of the SNR, where particles can be slightly accelerated by the back and forth motion between the PWN and the SNR, and some particles diffuse into the PWN. Afterwards the PWN is compressed by the SNR, where the particles in the PWN are accelerated by the adiabatic compression. Using a Monte Carlo simulation, we show that particles accelerated by the SNR to 0.1 PeV can be reaccelerated to 1 PeV until the end of the PWN compression.}",
	issn = {0035-8711},
	doi = {10.1093/mnras/sty1159},
	url = {https://doi.org/10.1093/mnras/sty1159},
	eprint = {https://academic.oup.com/mnras/article-pdf/478/1/926/25012963/sty1159.pdf}
}
@article{Crab_PeV,
	author = {The LHAASO Collaboration*† and Zhen Cao  and F. Aharonian  and Q. An  and null and L. X. Bai  and Y. X. Bai  and Y. W. Bao  and D. Bastieri  and X. J. Bi  and Y. J. Bi  and H. Cai  and J. T. Cai  and Zhe Cao  and J. Chang  and J. F. Chang  and B. M. Chen  and E. S. Chen  and J. Chen  and Liang Chen  and Liang Chen  and Long Chen  and M. J. Chen  and M. L. Chen  and Q. H. Chen  and S. H. Chen  and S. Z. Chen  and T. L. Chen  and X. L. Chen  and Y. Chen  and N. Cheng  and Y. D. Cheng  and S. W. Cui  and X. H. Cui  and Y. D. Cui  and B. D’Ettorre Piazzoli  and B. Z. Dai  and H. L. Dai  and Z. G. Dai  and null and D. della Volpe  and X. J. Dong  and K. K. Duan  and J. H. Fan  and Y. Z. Fan  and Z. X. Fan  and J. Fang  and K. Fang  and C. F. Feng  and L. Feng  and S. H. Feng  and Y. L. Feng  and B. Gao  and C. D. Gao  and L. Q. Gao  and Q. Gao  and W. Gao  and M. M. Ge  and L. S. Geng  and G. H. Gong  and Q. B. Gou  and M. H. Gu  and F. L. Guo  and J. G. Guo  and X. L. Guo  and Y. Q. Guo  and Y. Y. Guo  and Y. A. Han  and H. H. He  and H. N. He  and J. C. He  and S. L. He  and X. B. He  and Y. He  and M. Heller  and Y. K. Hor  and C. Hou  and X. Hou  and H. B. Hu  and S. Hu  and S. C. Hu  and X. J. Hu  and D. H. Huang  and Q. L. Huang  and W. H. Huang  and X. T. Huang  and X. Y. Huang  and Z. C. Huang  and F. Ji  and X. L. Ji  and H. Y. Jia  and K. Jiang  and Z. J. Jiang  and C. Jin  and T. Ke  and D. Kuleshov  and K. Levochkin  and B. B. Li  and Cheng Li  and Cong Li  and F. Li  and H. B. Li  and H. C. Li  and H. Y. Li  and Jian Li  and Jie Li  and K. Li  and W. L. Li  and X. R. Li  and Xin Li  and Xin Li  and Y. Li  and Y. Z. Li  and Zhe Li  and Zhuo Li  and E. W. Liang  and Y. F. Liang  and S. J. Lin  and B. Liu  and C. Liu  and D. Liu  and H. Liu  and H. D. Liu  and J. Liu  and J. L. Liu  and J. S. Liu  and J. Y. Liu  and M. Y. Liu  and R. Y. Liu  and S. M. Liu  and W. Liu  and Y. Liu  and Y. N. Liu  and Z. X. Liu  and W. J. Long  and R. Lu  and H. K. Lv  and B. Q. Ma  and L. L. Ma  and X. H. Ma  and J. R. Mao  and A. Masood  and Z. Min  and W. Mitthumsiri  and T. Montaruli  and Y. C. Nan  and B. Y. Pang  and P. Pattarakijwanich  and Z. Y. Pei  and M. Y. Qi  and Y. Q. Qi  and B. Q. Qiao  and J. J. Qin  and D. Ruffolo  and V. Rulev  and A. Saiz  and L. Shao  and O. Shchegolev  and X. D. Sheng  and J. Y. Shi  and H. C. Song  and Yu. V. Stenkin  and V. Stepanov  and Y. Su  and Q. N. Sun  and X. N. Sun  and Z. B. Sun  and P. H. T. Tam  and Z. B. Tang  and W. W. Tian  and B. D. Wang  and C. Wang  and H. Wang  and H. G. Wang  and J. C. Wang  and J. S. Wang  and L. P. Wang  and L. Y. Wang  and R. N. Wang  and Wei Wang  and Wei Wang  and X. G. Wang  and X. J. Wang  and X. Y. Wang  and Y. Wang  and Y. D. Wang  and Y. J. Wang  and Y. P. Wang  and Z. H. Wang  and Z. X. Wang  and Zhen Wang  and Zheng Wang  and D. M. Wei  and J. J. Wei  and Y. J. Wei  and T. Wen  and C. Y. Wu  and H. R. Wu  and S. Wu  and W. X. Wu  and X. F. Wu  and S. Q. Xi  and J. Xia  and J. J. Xia  and G. M. Xiang  and D. X. Xiao  and G. Xiao  and H. B. Xiao  and G. G. Xin  and Y. L. Xin  and Y. Xing  and D. L. Xu  and R. X. Xu  and L. Xue  and D. H. Yan  and J. Z. Yan  and C. W. Yang  and F. F. Yang  and J. Y. Yang  and L. L. Yang  and M. J. Yang  and R. Z. Yang  and S. B. Yang  and Y. H. Yao  and Z. G. Yao  and Y. M. Ye  and L. Q. Yin  and N. Yin  and X. H. You  and Z. Y. You  and Y. H. Yu  and Q. Yuan  and H. D. Zeng  and T. X. Zeng  and W. Zeng  and Z. K. Zeng  and M. Zha  and X. X. Zhai  and B. B. Zhang  and H. M. Zhang  and H. Y. Zhang  and J. L. Zhang  and J. W. Zhang  and L. X. Zhang  and Li Zhang  and Lu Zhang  and P. F. Zhang  and P. P. Zhang  and R. Zhang  and S. R. Zhang  and S. S. Zhang  and X. Zhang  and X. P. Zhang  and Y. F. Zhang  and Y. L. Zhang  and Yi Zhang  and Yong Zhang  and B. Zhao  and J. Zhao  and L. Zhao  and L. Z. Zhao  and S. P. Zhao  and F. Zheng  and Y. Zheng  and B. Zhou  and H. Zhou  and J. N. Zhou  and P. Zhou  and R. Zhou  and X. X. Zhou  and C. G. Zhu  and F. R. Zhu  and H. Zhu  and K. J. Zhu  and X. Zuo },
	title = {Peta–electron volt gamma-ray emission from the Crab Nebula},
	journal = {Science},
	volume = {373},
	number = {6553},
	pages = {425-430},
	year = {2021},
	doi = {10.1126/science.abg5137},
	URL = {https://www.science.org/doi/abs/10.1126/science.abg5137},
	eprint = {https://www.science.org/doi/pdf/10.1126/science.abg5137},
	abstract = {The Crab Nebula contains a pulsar that excites the surrounding gas to emit high-energy radiation. The combination of the pulsar's youth and nearby location makes the nebula the brightest gamma-ray source in the sky. The LHAASO Collaboration report observations of this source at energies of tera– to peta–electron volts, extending the spectrum of this prototypical object. They combine these data with observations at lower energies to model the physics of the emission process. The multiwave-length data can be explained by a combination of synchrotron radiation and inverse Compton scattering. Science, abg5137, this issue p. 425 Detection of the Crab Nebula at peta–electron volt energies constrains the gamma-ray emission mechanism. The Crab Nebula is a bright source of gamma rays powered by the Crab Pulsar’s rotational energy through the formation and termination of a relativistic electron-positron wind. We report the detection of gamma rays from this source with energies from 5 × 10−4 to 1.1 peta–electron volts with a spectrum showing gradual steepening over three energy decades. The ultrahigh-energy photons imply the presence of a peta–electron volt electron accelerator (a pevatron) in the nebula, with an acceleration rate exceeding 15\% of the theoretical limit. We constrain the pevatron’s size between 0.025 and 0.1 parsecs and the magnetic field to ≈110 microgauss. The production rate of peta–electron volt electrons, 2.5 × 1036 ergs per second, constitutes 0.5\% of the pulsar spin-down luminosity, although we cannot exclude a contribution of peta–electron volt protons to the production of the highest-energy gamma rays.}
}
@inbook{Gaisser_Engel_Resconi_2016, 
	place={Cambridge}, 
	title={Supernovae in the Milky Way}, 
	booktitle={Cosmic Rays and Particle Physics}, 
	publisher={Cambridge University Press}, 
	author={Gaisser, Thomas K. and Engel, Ralph and Resconi, Elisa}, 
	year={2016}, 
	pages={258–281}
} 
	
@article{Gaensler_2006,
	title={The Evolution and Structure of Pulsar Wind Nebulae},
	volume={44},
	ISSN={1545-4282},
	url={http://dx.doi.org/10.1146/annurev.astro.44.051905.092528},
	DOI={10.1146/annurev.astro.44.051905.092528},
	number={1},
	journal={Annual Review of Astronomy and Astrophysics},
	publisher={Annual Reviews},
	author={Gaensler, Bryan M. and Slane, Patrick O.},
	year={2006},
	month=sep, 
	pages={17–47} 
}
	
@article{chudakov1965,
	title={Cosmic Rays},
	author={Chudakov, AE and Dadykin, VI and Zatsepin, VI and Nesterova, NM},
	journal={Proc.(Trudy) Lebedev Phys. Inst., ed. by DV Skobel'tsyn, Trans. Consultants Bureau},
	volume={26},
	pages={99},
	year={1965}
}

@ARTICLE{Crab_Wipple,
	author = {{Weekes}, T.~C. and {Cawley}, M.~F. and {Fegan}, D.~J. and {Gibbs}, K.~G. and {Hillas}, A.~M. and {Kowk}, P.~W. and {Lamb}, R.~C. and {Lewis}, D.~A. and {Macomb}, D. and {Porter}, N.~A. and {Reynolds}, P.~T. and {Vacanti}, G.},
	title = "{Observation of TeV Gamma Rays from the Crab Nebula Using the Atmospheric Cerenkov Imaging Technique}",
	journal = {\apj},
	keywords = {Cerenkov Counters, Crab Nebula, Gamma Ray Astronomy, Imaging Techniques, Pulsars, Azimuth, Electron Energy, Image Processing, Monte Carlo Method, Periodic Variations, Reflectors, Spectral Energy Distribution, Astrophysics, GAMMA RAYS: GENERAL, NEBULAE: CRAB NEBULA, PULSARS, RADIATION MECHANISMS},
	year = 1989,
	month = jul,
	volume = {342},
	pages = {379},
	doi = {10.1086/167599},
	adsurl = {https://ui.adsabs.harvard.edu/abs/1989ApJ...342..379W},
	adsnote = {Provided by the SAO/NASA Astrophysics Data System}
}

@article{NT200,
	author = {Balkanov, V. and Belolaptikov, Igor and Bezrukov, Leonid and Budnev, N. and Chensky, A. and Danilchenko, I. and Dzhilkibaev, Zh and Domogatsky, G. and Doroshenko, A. and Fialkovsky, S. and Gaponenko, O. and Garus, A. and Gress, Tatiana and Kiss, D. and Klimov, A. and Klimushin, S. and Koshechkin, A. and Kuznetzov, V. and Kulepov, V. and Yashin, I.},
	year = {2000},
	month = {01},
	pages = {951-961},
	title = {Lake Baikal Neutrino Experiment: Selected Results},
	volume = {63},
	journal = {Physics of Atomic Nuclei},
	doi = {10.1134/1.855731}
}

@misc{VHess,
	title={On the Observations of the Penetrating Radiation during Seven Balloon Flights}, 
	author={Victor Hess},
	year={2018},
	eprint={1808.02927},
	archivePrefix={arXiv},
	primaryClass={physics.hist-ph}
}

@article{Wu,
	title = {Experimental Test of Parity Conservation in Beta Decay},
	author = {Wu, C. S. and Ambler, E. and Hayward, R. W. and Hoppes, D. D. and Hudson, R. P.},
	journal = {Phys. Rev.},
	volume = {105},
	issue = {4},
	pages = {1413--1415},
	numpages = {0},
	year = {1957},
	month = {Feb},
	publisher = {American Physical Society},
	doi = {10.1103/PhysRev.105.1413},
	url = {https://link.aps.org/doi/10.1103/PhysRev.105.1413}
}

{@article{ASTRI2013,
	author = {Bigongiari, Ciro and Di Pierro, Federico and Morello, C. and Stamerra, Antonio and Vallania, Piero and Agnetta, G. and Antonelli, Lucio Angelo and Bastieri, Denis and Bellassai, G. and Belluso, M. and Billotta, S. and Biondo, B. and Bonanno, Giovanni and Bonnoli, Giacomo and Bruno, Pietro and Bulgarelli, Andrea and Canestrari, Rodolfo and Capalbi, M. and Caraveo, P. and Consortium, The},
	year = {2013},
	month = {07},
	pages = {},
	title = {Expected performance of the ASTRI-SST-2M telescope prototype}
	}
}

@article{Tibet2019,
	title = {First Detection of Photons with Energy beyond 100 TeV from an Astrophysical Source},
	author = {Amenomori, M. and Bao, Y. W. and Bi, X. J. and Chen, D. and Chen, T. L. and Chen, W. Y. and Chen, Xu and Chen, Y. and Cirennima and Cui, S. W. and Danzengluobu and Ding, L. K. and Fang, J. H. and Fang, K. and Feng, C. F. and Feng, Zhaoyang and Feng, Z. Y. and Gao, Qi and Gou, Q. B. and Guo, Y. Q. and He, H. H. and He, Z. T. and Hibino, K. and Hotta, N. and Hu, Haibing and Hu, H. B. and Huang, J. and Jia, H. Y. and Jiang, L. and Jin, H. B. and Kajino, F. and Kasahara, K. and Katayose, Y. and Kato, C. and Kato, S. and Kawata, K. and Kozai, M. and Labaciren and Le, G. M. and Li, A. F. and Li, H. J. and Li, W. J. and Lin, Y. H. and Liu, B. and Liu, C. and Liu, J. S. and Liu, M. Y. and Lou, Y.-Q. and Lu, H. and Meng, X. R. and Mitsui, H. and Munakata, K. and Nakamura, Y. and Nanjo, H. and Nishizawa, M. and Ohnishi, M. and Ohta, I. and Ozawa, S. and Qian, X. L. and Qu, X. B. and Saito, T. and Sakata, M. and Sako, T. K. and Sengoku, Y. and Shao, J. and Shibata, M. and Shiomi, A. and Sugimoto, H. and Takita, M. and Tan, Y. H. and Tateyama, N. and Torii, S. and Tsuchiya, H. and Udo, S. and Wang, H. and Wu, H. R. and Xue, L. and Yagisawa, K. and Yamamoto, Y. and Yang, Z. and Yuan, A. F. and Zhai, L. M. and Zhang, H. M. and Zhang, J. L. and Zhang, X. and Zhang, X. Y. and Zhang, Y. and Zhang, Yi and Zhang, Ying and Zhaxisangzhu and Zhou, X. X.},
	collaboration = {Tibet $\mathrm{AS}\ensuremath{\gamma}$ Collaboration},
	journal = {Phys. Rev. Lett.},
	volume = {123},
	issue = {5},
	pages = {051101},
	numpages = {6},
	year = {2019},
	month = {Jul},
	publisher = {American Physical Society},
	doi = {10.1103/PhysRevLett.123.051101},
	url = {https://link.aps.org/doi/10.1103/PhysRevLett.123.051101}
}

@misc{Lhaaso_cat2023,
	title={The First LHAASO Catalog of Gamma-Ray Sources}, 
	author={Zhen Cao and F. Aharonian and Q. An and Axikegu and Y. X. Bai and Y. W. Bao and D. Bastieri and X. J. Bi and Y. J. Bi and J. T. Cai and Q. Cao and W. Y. Cao and Zhe Cao and J. Chang and J. F. Chang and A. M. Chen and E. S. Chen and Liang Chen and Lin Chen and Long Chen and M. J. Chen and M. L. Chen and Q. H. Chen and S. H. Chen and S. Z. Chen and T. L. Chen and Y. Chen and N. Cheng and Y. D. Cheng and M. Y. Cui and S. W. Cui and X. H. Cui and Y. D. Cui and B. Z. Dai and H. L. Dai and Z. G. Dai and Danzengluobu and D. della Volpe and X. Q. Dong and K. K. Duan and J. H. Fan and Y. Z. Fan and J. Fang and K. Fang and C. F. Feng and L. Feng and S. H. Feng and X. T. Feng and Y. L. Feng and S. Gabici and B. Gao and C. D. Gao and L. Q. Gao and Q. Gao and W. Gao and W. K. Gao and M. M. Ge and L. S. Geng and G. Giacinti and G. H. Gong and Q. B. Gou and M. H. Gu and F. L. Guo and X. L. Guo and Y. Q. Guo and Y. Y. Guo and Y. A. Han and H. H. He and H. N. He and J. Y. He and X. B. He and Y. He and M. Heller and Y. K. Hor and B. W. Hou and C. Hou and X. Hou and H. B. Hu and Q. Hu and S. C. Hu and D. H. Huang and T. Q. Huang and W. J. Huang and X. T. Huang and X. Y. Huang and Y. Huang and Z. C. Huang and X. L. Ji and H. Y. Jia and K. Jia and K. Jiang and X. W. Jiang and Z. J. Jiang and M. Jin and M. M. Kang and T. Ke and D. Kuleshov and K. Kurinov and B. B. Li and Cheng Li and Cong Li and D. Li and F. Li and H. B. Li and H. C. Li and H. Y. Li and J. Li and Jian Li and Jie Li and K. Li and W. L. Li and W. L. Li and X. R. Li and Xin Li and Y. Z. Li and Zhe Li and Zhuo Li and E. W. Liang and Y. F. Liang and S. J. Lin and B. Liu and C. Liu and D. Liu and H. Liu and H. D. Liu and J. Liu and J. L. Liu and J. Y. Liu and M. Y. Liu and R. Y. Liu and S. M. Liu and W. Liu and Y. Liu and Y. N. Liu and R. Lu and Q. Luo and H. K. Lv and B. Q. Ma and L. L. Ma and X. H. Ma and J. R. Mao and Z. Min and W. Mitthumsiri and H. J. Mu and Y. C. Nan and A. Neronov and Z. W. Ou and B. Y. Pang and P. Pattarakijwanich and Z. Y. Pei and M. Y. Qi and Y. Q. Qi and B. Q. Qiao and J. J. Qin and D. Ruffolo and A. Sáiz and D. Semikoz and C. Y. Shao and L. Shao and O. Shchegolev and X. D. Sheng and F. W. Shu and H. C. Song and Yu. V. Stenkin and V. Stepanov and Y. Su and Q. N. Sun and X. N. Sun and Z. B. Sun and P. H. T. Tam and Q. W. Tang and Z. B. Tang and W. W. Tian and C. Wang and C. B. Wang and G. W. Wang and H. G. Wang and H. H. Wang and J. C. Wang and K. Wang and L. P. Wang and L. Y. Wang and P. H. Wang and R. Wang and W. Wang and X. G. Wang and X. Y. Wang and Y. Wang and Y. D. Wang and Y. J. Wang and Z. H. Wang and Z. X. Wang and Zhen Wang and Zheng Wang and D. M. Wei and J. J. Wei and Y. J. Wei and T. Wen and C. Y. Wu and H. R. Wu and S. Wu and X. F. Wu and Y. S. Wu and S. Q. Xi and J. Xia and J. J. Xia and G. M. Xiang and D. X. Xiao and G. Xiao and G. G. Xin and Y. L. Xin and Y. Xing and Z. Xiong and D. L. Xu and R. F. Xu and R. X. Xu and W. L. Xu and L. Xue and D. H. Yan and J. Z. Yan and T. Yan and C. W. Yang and F. Yang and F. F. Yang and H. W. Yang and J. Y. Yang and L. L. Yang and M. J. Yang and R. Z. Yang and S. B. Yang and Y. H. Yao and Z. G. Yao and Y. M. Ye and L. Q. Yin and N. Yin and X. H. You and Z. Y. You and Y. H. Yu and Q. Yuan and H. Yue and H. D. Zeng and T. X. Zeng and W. Zeng and M. Zha and B. B. Zhang and F. Zhang and H. M. Zhang and H. Y. Zhang and J. L. Zhang and L. X. Zhang and Li Zhang and P. F. Zhang and P. P. Zhang and R. Zhang and S. B. Zhang and S. R. Zhang and S. S. Zhang and X. Zhang and X. P. Zhang and Y. F. Zhang and Yi Zhang and Yong Zhang and B. Zhao and J. Zhao and L. Zhao and L. Z. Zhao and S. P. Zhao and F. Zheng and B. Zhou and H. Zhou and J. N. Zhou and M. Zhou and P. Zhou and R. Zhou and X. X. Zhou and C. G. Zhu and F. R. Zhu and H. Zhu and K. J. Zhu and X. Zuo.},
	year={2023},
	eprint={2305.17030},
	archivePrefix={arXiv},
	primaryClass={astro-ph.HE}
}

@article{Unger_2015,
   title={Origin of the ankle in the ultrahigh energy cosmic ray spectrum, and of the extragalactic protons below it},
   volume={92},
   ISSN={1550-2368},
   url={http://dx.doi.org/10.1103/PhysRevD.92.123001},
   DOI={10.1103/physrevd.92.123001},
   number={12},
   journal={Physical Review D},
   publisher={American Physical Society (APS)},
   author={Unger, Michael and Farrar, Glennys R. and Anchordoqui, Luis A.},
   year={2015},
   month=dec }


@BOOK{Sychev,
  author = {Сычёв, М. С.},
  title = {История Астраханского казачьего войска : учебное пособие},
  address = {Астрахань},
  publisher = {Волга},
  year = {2009},
  numpages = {231},
  language = {russian}
}

@BOOK{Sokolov,
  author = {Соколов, А. Н. and Сердобинцев, К. С.},
  editor = {Бочарова, В. М.},
  address = {Астрахань},
  publisher = {Калиниградский ЮИ МВД России},
  title = {Гражданское общество: проблемы формирования и развития (философский и юридический аспекты) : монография},
  year = {2009},
  numpages = {218},
  language = {russian}
}

@BOOK{Gaidaenko,
  author = {Гайдаенко, Т. А.},
  title = {Маркетинговое управление: принципы управленческих решений и российская практика},
  edition = {{}3-е изд, перераб. и доп.},
  address = {М.},
  publisher = {Эксмо: МИРБИС},
  year = {2008},
  numpages = {508},
  language = {russian}
}

@BOOK{Lermontov,
  author = {Лермонтов, Михаил Юрьевич},
  title = {Собрание сочинений: в 4 т.},
  address = {М.},
  publisher = {Терра-Кн. клуб},
  year = {2009},
  note = {4 т.},
  language = {russian}
}

@BOOK{Management,
  title = {Управление бизнесом : сборник статей},
  address = {Нижний новгород},
  publisher = {Изд-во Нижегородского университета},
  year = {2009},
  numpages = {243},
  language = {russian}
}

@BOOK{Borozda,
  author = {Борозда, И. В. and Воронин, Н. И. and Бушманов, А. В.},
  title = {Лечение сочетанных повреждений таза},
  address = {Владивосток},
  publisher = {Дальнаука},
  year = {2009},
  numpages = {195},
  language = {russian}
}

@BOOK{Marketing,
  author = {Михненков, О. В. and Коготкова, И. З. and Генкин, Е. В. and Сороко, Г. Я.},
  title = {Маркетинговые исследования в строительстве : учебное пособие для студентов специальности «Менеджмент организаций»},
  address = {М.},
  publisher = {Государственный университет управления},
  year = {2005},
  numpages = {59},
  language = {russian}
}

% ГОСТ Р 7.0.11-2011, Приложение Б, Нормативные правовые акты
@BOOK{Constitution,
  title = {Конституция Российской Федерации : офиц. текст.},
  address = {М.},
  publisher = {Маркетинг},
  year = {2001},
  numpages = {39},
  language = {russian}
}

@BOOK{FamilyCode,
  title = {Семейный кодекс Российской Федерации : [федер. закон: принят Гос. Думой 8 дек. 1995~г. : по состоянию на 3~янв. 2001~г.]},
  address = {СПб.},
  publisher = {Стаун-кантри},
  year = {2001},
  numpages = {94},
  language = {russian}
}

% ГОСТ Р 7.0.11-2011, Приложение Б, Стандарты
@BOOK{Gost.7.0.53,
  title = {ГОСТ Р 7.0.53-2007 Система стандартов по информации, библиотечному и издательскому делу. Издания. Международный стандартный книжный номер. Использование и издательское оформление.},
  address = {М.},
  publisher = {Стандартинформ},
  year = {2007},
  numpages = {5},
  language = {russian}
}

% ГОСТ Р 7.0.11-2011, Приложение Б, Депонированные научные работы
@BOOK{Razumovski,
  author = {Разумовский, В. А. and Андреев, Д. А.},
  title = {Управление маркетинговыми исследованиями в регионе},
  address = {М.},
  year = {2002},
  numpages = {210},
  note = {Деп. в ИНИОН Рос. акад. наук 15.02.02, № 139876},
  language = {russian}
}

% ГОСТ Р 7.0.11-2011, Приложение Б, Диссертации
@BOOK{Lagkueva,
  author = {Лагкуева, Ирина Владимировна},
  title = {Особенности регулирования труда творческих работников театров : дис. ... канд. юрид. наук : 12.00.05},
  address = {М.},
  year = {2009},
  numpages = {168},
  language = {russian}
}

@BOOK{Pokrovski,
  author = {Покровский, Андрей Владимирович},
  title = {Устранимые особенности решений эллиптических уравнений : дис. ... д-ра физ.-мат. наук : 01.01.01},
  address = {М.},
  year = {2008},
  numpages = {178},
  language = {russian}
}

% ГОСТ Р 7.0.11-2011, Приложение Б, Авторефераты диссертаций
@BOOK{Sirotko,
  author = {Сиротко, Владимир Викторович},
  title = {Медико-социальные аспекты городского травматизма в современных условиях : автореф. дис. ... канд. мед. наук : 14.00.33},
  address = {М.},
  year = {2006},
  numpages = {26},
  language = {russian}
}

% !!! этот пример НЕ работает с bibtex
% Тот же пример, с использованием https://www.ctan.org/pkg/biblatex-gost
@THESIS{Sirotko2,
  author =       {Сиротко, Владимир Викторович},
  title =        {Медико-социальные аспекты городского травматизма в современных условиях},
  media =        {text},
  type =         {phdautoref},
  science =      {мед. наук},
  specialitycode ={14.00.33},
  address =      {М.},
  year =         {2006},
  pagetotal =    {26},
  language =     {russian},
}

@BOOK{Lukina,
  author = {Лукина, Валентина Александровна},
  title = {Творческая история «Записок охотника» И. С. Тургенева : автореф. дис. ... канд. филол. наук : 10.01.01},
  address = {СПб.},
  year = {2006},
  numpages = {26},
  language = {russian}
}

% !!! этот пример НЕ работает с bibtex
% Тот же пример, с использованием https://www.ctan.org/pkg/biblatex-gost
@THESIS{Lukina2,
  author =       {Лукина, Валентина Александровна},
  title =        {Творческая история «Записок охотника» И. С. Тургенева},
  media =        {text},
  type =         {phdautoref},
  science =      {филол. наук},
  specialitycode ={10.01.01},
  address =      {СПб.},
  year =         {2006},
  pagetotal =    {26},
  language =     {russian},
}

% ГОСТ Р 7.0.11-2011, Приложение Б, Отчёты о научно-исследовательской работе
@BOOK{Methodology,
  author = {Загорюев, А. Л.},
  title = {Методология и методы изучения военно-профессиональной направленности подростков : отчёт о НИР},
  address = {Екатеринбург},
  institution = {Уральский институт практической психологии},
  year = {2008},
  numpages = {102},
  language = {russian}
}

% ГОСТ Р 7.0.11-2011, Приложение Б, Электронные ресурсы
@BOOK{Encyclopedia,
  title = {Художественная энциклопедия зарубежного классического искусства [Электронный ресурс]},
  address = {М.},
  publisher = {Большая Рос. энкцикл.},
  year = {1996},
  note = {1 электрон. опт. диск (CD-ROM)},
  language = {russian}
}

% !!! этот пример НЕ работает с bibtex
% Тот же пример, с использованием https://www.ctan.org/pkg/biblatex-gost
@BOOK{Encyclopedia2,
  title = {Художественная энциклопедия зарубежного классического искусства},
  address = {М.},
  media = {eresource},
  publisher = {Большая Рос. энкцикл.},
  year = {1996},
  note = {1 электрон. опт. диск (CD-ROM)},
  language = {russian},
}

@ARTICLE{Nasirova,
  author =       {Насырова, Г. А.},
  title =        {Модели государственного регулирования страховой деятельности
                  [Электронный ресурс]},
  journal =      {Вестник Финансовой академии},
  year =         {2003},
  number =       {4},
  note =         {Режим доступа: http://vestnik.fa.ru/4(28)2003/4.html},
  language =     {russian}
}

@ARTICLE{Nasirova2,
  author = {Насырова, Г. А.},
  title = {Модели государственного регулирования страховой деятельности},
  journal = {Вестник Финансовой академии},
  year = {2003},
  media = {eresource},
  number = {4},
  note = {Режим доступа: http://vestnik.fa.ru/4(28)2003/4.html},
  language = {russian}
}

% ГОСТ Р 7.0.11-2011, Приложение Б, Статьи

@ARTICLE{Berestova,
  author = {Берестова, Т. Ф.},
  title = {Поисковые инструменты библиотеки},
  journal = {Библиография},
  year = {2006},
  number = {4},
  pages = {19},
  language = {russian}
}

@ARTICLE{Kriger,
  author = {Кригер, И.},
  title =  {Бумага терпит},
  journal = {Новая газета},
  year = {2009},
  note = {1 июля},
  language = {russian}
}


% Examples from https://verbosus.com/bibtex-style-examples.html
@ARTICLE{Article,
  author   = {Peter Adams},
  title    = {The title of the work},
  journal  = {The name of the journal},
  year     = {1993},
  number   = {2},
  pages    = {201-213},
  month    = {7},
  note     = {An optional note},
  volume   = {4},
  language = {english}
}

@BOOK{Book,
  author    = {Peter Babington},
  title     = {The title of the work},
  publisher = {The name of the publisher},
  year      = {1993},
  volume    = {4},
  series    = {10},
  address   = {The address},
  edition   = {3},
  month     = {7},
  note      = {An optional note},
  isbn      = {3257227892},
  language  = {english}
}

@BOOKLET{Booklet,
  title        = {The title of the work},
  author       = {Peter Caxton},
  howpublished = {How it was published},
  address      = {The address of the publisher},
  month        = {7},
  year         = {1993},
  note         = {An optional note},
  language     = {english}
}

@CONFERENCE{Conference,
  author       = {Peter Draper},
  title        = {The title of the work},
  booktitle    = {The title of the book},
  year         = {1993},
  editor       = {The editor},
  volume       = {4},
  series       = {5},
  pages        = {213},
  address      = {The address of the publisher},
  month        = {7},
  organization = {The organization},
  publisher    = {The publisher},
  note         = {An optional note},
  language     = {english}
}

@INBOOK{Inbook,
  author       = {Peter Eston},
  title        = {The title of the work},
  booktitle    = {Book title},
  chapter      = {8},
  pages        = {201-213},
  publisher    = {The name of the publisher},
  year         = {1993},
  volume       = {4},
  series       = {5},
  address      = {The address of the publisher},
  edition      = {3},
  month        = {7},
  note         = {An optional note},
  language     = {english}
}

@INCOLLECTION{Incollection,
  author       = {Peter Farindon},
  title        = {The title of the work},
  booktitle    = {The title of the book},
  publisher    = {The name of the publisher},
  year         = {1993},
  editor       = {The editor},
  volume       = {4},
  series       = {5},
  chapter      = {8},
  pages        = {201-213},
  address      = {The address of the publisher},
  edition      = {3},
  month        = {7},
  note         = {An optional note},
  language     = {english}
}

@MANUAL{Manual,
  title        = {The title of the work},
  author       = {Peter Gainsford},
  organization = {The organization},
  address      = {The address of the publisher},
  edition      = {3},
  month        = {7},
  year         = {1993},
  note         = {An optional note},
  language     = {english}
}

@MASTERSTHESIS{Mastersthesis,
  author       = {Peter Harwood},
  title        = {The title of the work},
  school       = {The school where the thesis was written},
  year         = {1993},
  address      = {The address of the publisher},
  month        = {7},
  note         = {An optional note},
  language     = {english}
}

@MISC{Misc,
  author       = {Peter Isley},
  title        = {The title of the work},
  howpublished = {How it was published},
  month        = {7},
  year         = {1993},
  note         = {An optional note},
  language     = {english}
}

@PHDTHESIS{Phdthesis,
  author       = {Peter Joslin},
  title        = {The title of the work},
  school       = {The school where the thesis was written},
  year         = {1993},
  address      = {The address of the publisher},
  month        = {7},
  note         = {An optional note},
  language     = {english}
}

@PROCEEDINGS{Proceedings,
  title        = {The title of the work},
  year         = {1993},
  editor       = {Peter Kidwelly},
  volume       = {4},
  series       = {5},
  address      = {The address of the publisher},
  month        = {7},
  organization = {The organization},
  publisher    = {The name of the publisher},
  note         = {An optional note},
  language     = {english}
}

@TECHREPORT{Techreport,
  author       = {Peter Lambert},
  title        = {The title of the work},
  institution  = {The institution that published},
  year         = {1993},
  number       = {2},
  address      = {The address of the publisher},
  month        = {7},
  note         = {An optional note},
  language     = {english}
}

@UNPUBLISHED{Unpublished,
  author       = {Peter Marcheford},
  title        = {The title of the work},
  note         = {An optional note},
  month        = {7},
  year         = {1993},
  language     = {english}
}

%%% Реальные примеры

% Инициалы должны быть записаны после запятой, с точками, через пробел
% http://www.kit-e.ru/articles/elcomp/2006_12_124.php
% Подчёркивания в ссылке приходится экранировать
% http://www.kit-e.ru/articles/elcomp/2006\_12\_124.php
@online{medvedev2006jelektronnye,
  title={Электронные компоненты и монтажные подложки},
  author={Медведев, А. М.},
  journal={Компоненты и технологии},
  number={12},
  pages={124--134},
  year={2006},
  medium={Электронный ресурс},
  url = {http://www.kit-e.ru/articles/elcomp/2006\_12\_124.php},
  urldate = {19.01.2015},
  language = {russian}
}

% Real example
% & в названии журнала надо экранировать
% 10.1002/1521-4125(200007)23:7<581::AID-CEAT581>3.0.CO;2-P
% < > в ссылке приходится экранировать %3C и %3E, а потом ещё знаки процента в них экранировать
% 10.1002/1521-4125(200007)23:7%3C581::AID-CEAT581%3E3.0.CO;2-P
% 10.1002/1521-4125(200007)23:7\%3C581::AID-CEAT581\%3E3.0.CO;2-P
% url не нужен. если запись о бумажной публикации
@article {CEAT:CEAT581,
  author = {Deiters, U. K.},
  title = {A Modular Program System for the Calculation of Thermodynamic Properties of Fluids},
  journal = {Chemical Engineering \& Technology},
  volume = {23},
  number = {7},
  publisher = {WILEY-VCH Verlag},
  issn = {1521-4125},
  doi = {10.1002/1521-4125(200007)23:7<581::AID-CEAT581>3.0.CO;2-P},
  pages = {581--584},
  year = {2000},
  language = {english}
}

% Real with  4 authors
@article{doi:10.1080/01932691.2010.513279,
  author = {Young-Sang Cho and Young Kuk Kim and Kook Chae Chung and Chul Jin Choi },
  title = {Deformation of Colloidal Crystals for Photonic Band Gap Tuning},
  journal = {Journal of Dispersion Science and Technology},
  volume = {32},
  number = {10},
  pages = {1408-1415},
  year = {2011},
  doi = {10.1080/01932691.2010.513279},
  language = {english}
}

% doi with (), author with umlaut or other unicode or specific symbols, 9 authors
% latex don't like Gösele1999161 in ref
% Умляуты в авторах понимаются из-за поддержки в юникодной странице pdflatex и xelatex
% Иллюстрация того, что будет. если на английской записи будут поставлена пометка, что язык русский
@article{Gosele1999161,
  title = "Wafer bonding for microsystems technologies",
  journal = "Sensors and Actuators A: Physical",
  volume = "74",
  number = "1–3",
  pages = "161 - 168",
  year = "1999",
  issn = "0924-4247",
  doi = "10.1016/S0924-4247(98)00310-0",
  author = "Gösele, U. and Tong, Q.-Y. and Schumacher, A. and Kräuter, G. and Reiche, M. and Plößl, A. and Kopperschmidt, P. and Lee, T.-H. and Kim, W.-J.",
  keywords = "Wafer bonding",
  keywords = "Fusion bonding",
  keywords = "Pressure sensors",
  keywords = "Interface reactions",
  keywords = "Hydrophilic bonding",
  keywords = "Hydrophobic bonding",
  language = {russian}
}

% Real example (from Google or Springer)
% unmodified styles don't know %language = {English}
% язык писать с маленьких
% иллюстрация incollection
% 10.1007/0-387-32989-7_45
% Подчёркивания в DOI приходится экранировать
% 10.1007/0-387-32989-7\_45
@incollection{Li2007StressAnalysis,
  year={2007},
  isbn={978-0-387-27974-9},
  booktitle={Micro- and Opto-Electronic Materials and Structures: Physics, Mechanics, Design, Reliability, Packaging},
  editor={Suhir, E. and Lee, Y. C. and Wong, C. P.},
  doi={10.1007/0-387-32989-7_45},
  title={Stress Analysis for Processed Silicon Wafers and Packaged Micro-devices},
  publisher={Springer US},
  author={Li, Li and Guo, Yifan and Zheng, Dawei},
  pages={B677-B709},
  language={english}
}

% Real, β sign
% inputenc don't know β sign %aluminosilicate-β-quartz
% Знаки типа β, которые не знает таблица кодировки, с которой работает компилятор нужно заменять на latex команды
% doi должен быть без http://dx.doi.org/
@article{Shoji199895,
title = "Low-temperature anodic bonding using lithium aluminosilicate-\(\beta\)-quartz glass ceramic",
journal = "Sensors and Actuators A: Physical",
volume = "64",
number = "1",
pages = "95 - 100",
year = "1998",
note = "Tenth {IEEE} International Workshop on Micro Electro Mechanical Systems ",
issn = "0924-4247",
doi = "10.1016/S0924-4247(97)01659-2",
author = {Shuichi Shoji and Hiroto Kikuchi and Hirotaka Torigoe},
keywords = "Anodic bonding",
keywords = "Low-temperature bonding",
keywords = "Micro assembly",
keywords = "Micro package",
keywords = "Glass ceramic",
}


% from urlbst package
% Example from Jason Eisner, by mail (nothing special about the entry,
% but he seemed to be having formatting problems with unsrturl and proceedings
% entries.
% http://cs.jhu.edu/~jason/papers/#icassp07
@InProceedings{test:eisner-sample,
  author =       {Damianos Karakos and Sanjeev Khudanpur and Jason
                  Eisner and Carey~E. Priebe},
  title =        {Iterative denoising using {J}ensen-{R}enyi
                  divergences with an application to unsupervised
                  document categorization},
  booktitle =    {Proceedings of ICASSP},
  year =         2007,
  url =          {http://cs.jhu.edu/~jason/papers/\#icassp07}
}

@InProceedings{test:eisner-sample-shorted,
  author =       {Damianos Karakos and Sanjeev Khudanpur and Jason
                  Eisner and Carey~E. Priebe},
  title =        {Iterative denoising using {J}ensen-{R}enyi
                  divergences with an application to unsupervised
                  document categorization},
  booktitle =    {Proceedings of ICASSP},
  shortbooktitle = {Proc. of ICASSP},
  year =         2007,
  url =          {http://cs.jhu.edu/~jason/papers/\#icassp07}
}

% Попытка записать патент имеющимися средствами
@Book{iofis_patent1960,
  title                    = {Способ пайки керамики с~керамикой и~стекла с~металлом : а.\,с.~126728 СССР},
  author                   = {Иофис, Н. А.},
  year                     = {1960},
  numpages                 = {Бюл. № 5.~1},
  language                 = {russian}
}

% Попытка записать патент имеющимися средствами
@Book{AB_patent_Pomerantz_1968,
  title                    = {Anodic bonding : patent no. 3397278 US},
  author                   = {Pomerantz, D. I.},
  year                     = {1968},
  language                 = {english}
}

% !!! этот пример НЕ работает с bibtex
% Примеры оформления патентов из пакета https://www.ctan.org/pkg/biblatex-gost
@Patent{patent2h,
  heading =      {Заявка 1095735 Рос. федерация, МПК\ensuremath{^7} B 64 G 1/00},
  author =       {Тернер, Э. В.},
  authortype =   {США},
  title =        {Одноразовая ракета-носитель},
  media =        {text},
  holder =       {{заявитель Спейс Системз/Лорал, инк.}},
  credits =      {патент. поверенный Егорова Г. Б.},
  reqnumber =    {2000108705/28},
  date =         {2000-04-07},
  publdate =     {2001-03-10},
  publication =  {Бюл. № 7 (I ч.)\midsentence},
  prdate =       {1999-04-09},
  prnumber =     {09/289, 037},
  prcountry =    {countryus},
  pagetotal =    {5 с.~: ил.},
  language =     {russian},
}

@Patent{patent3h,
  heading =      {А. с. 1007970 СССР, МКИ\ensuremath{^3} В 25.1 15/00},
  author =       {В. С. Ваулин and В. Г. Кемайкин},
  authortype =   {СССР},
  title =        {Устройство для захвата неориентированных деталей типа валов},
  media =        {text},
  reqnumber =    {3360585/25-08},
  date =         {1981-11-23},
  publication =  {Бюл. № 12},
  publdate =     {1983-03-30},
  pagetotal =    {2 с.~: ил.},
  language =     {russian},
}

@Patent{patent2,
  author =       {Тернер, Э. В.},
  authortype =   {США},
  title =        {Одноразовая ракета-носитель},
  media =        {text},
  type =         {patreq},
  number =       1095735,
  location =     {countryru},
  ipc =          {МПК\ensuremath{^7} B 64 G 1/00},
  holder =       {{заявитель Спейс Системз/Лорал, инк.}},
  credits =      {патент. поверенный Егорова Г. Б.},
  reqnumber =    {2000108705/28},
  date =         {2000-04-07},
  publdate =     {2001-03-10},
  publication =  {Бюл. № 7 (I ч.)\midsentence},
  prioritydate = {1999-04-09},
  prioritynumber ={09/289, 037},
  prioritycountry ={countryus},
  pagetotal =    {5 с.~: ил.},
  language =     {russian},
}

%%% Использование дополнительных опций biblatex

@Book{sobenin_kdv,
  author =       {О. А. Вальднер and Н. П. Собенин and Б. В. Зверев and И. С. Щедрин},
  options =      {maxnames=4},
  title =        {Диафрагмированные волноводы},
  subtitle =     {Справочник},
  publisher =    {Энергоатомиздат},
  edition =      3,
  year =         1991,
  pagetotal =    280,
  location =     {М.},
  language =     {russian},
  isbn =         {5-283-03960-9},
}

@InProceedings{initials,
  author =       {Ya.Yu. Ivanov},
  title =        {Stabilization of the initials in the bibliography entries},
  booktitle =    {Proc. of {IPAC'10}},
  options =      {giveninits=false},
  pages =        {1234 -- 4321},
  language =     {english},
  venue =        {Kyoto, Japan},
  publisher =    {JACoW Publishing},
  location =     {Geneva},
  month =        5,
  year =         2010,
}
